3002 4544
1047 327 1098 440 2⁹

147 505 207 572 nisi
227 505 261 570 in
284 501 489 594 disponendis
510 501 666 592 peristylii
680 501 842 584 columnis,
864 525 942 592 quas
956 507 1096 594 porticus
1148 517 1223 578 Pers
1243 519 1263 586 l.

148 615 319 703 adjacentis
342 617 414 699 (Il)
443 614 596 684 columnis
617 616 717 682 multo
739 617 867 684 altiores
888 639 960 684 esse
985 629 1097 686 notan-

6 809 7 822 *
149 727 224 795 dum
253 738 314 805 est;
344 738 468 796 caetera
495 727 653 809 aedificia,
683 729 787 796 scalae
817 727 929 796 amhae
956 733 1097 818 porticus

80 823 87 834 ⁸
148 841 200 923 (D
224 851 255 906 et
275 840 325 920 E)
347 861 452 906 murus
474 840 700 922 meridionalis,
727 843 831 910 omnia
853 841 973 930 angulis
995 825 1098 910 diver·

147 955 189 1018 sis
213 962 367 1018 exstructa
388 963 468 1018 sunt

212 1065 288 1131 Duo
318 1063 394 1131 olim
423 1062 555 1130 obelisci
576 1061 612 1148 ⁴¹)
642 1086 660 1130 e
682 1062 789 1151 lapide
811 1065 946 1134 calcario
968 1065 1043 1133 facti
1062 1067 1097 1134 in
1137 1084 1279 1141 οωεω.

146 1179 227 1242 muri
261 1185 398 1242 extremo
431 1178 570 1264 margine
603 1188 676 1244 ante
712 1178 909 1264 peristylium
946 1178 1097 1247 collocati

146 1287 285 1368 fuerant,
307 1308 441 1375 quorum
464 1287 556 1371 alter,
578 1289 753 1371 orientalis,
774 1292 864 1356 mina
885 1289 1020 1358 fortasse
1043 1311 1097 1358 co-

145 1399 319 1466 lumnarum
341 1399 506 1488 abreptus,
532 1404 566 1467 in
593 1425 705 1490 aquam
727 1402 895 1490 prolapsus
918 1424 988 1469 esse
1009 1396 1097 1466 vide-

147 1521 214 1588 tur,
236 1511 325 1590 alter,
347 1515 403 1597 qni
423 1514 570 1609 remansit
592 1514 652 1594 (K)
676 1517 765 1599 apice
787 1514 969 1592 destitutus,
990 1515 1097 1578 arctis-

143 1626 222 1690 sime
243 1622 312 1689 basi
333 1622 491 1709 injunctus
514 1633 576 1702 eet,
601 1644 641 1690 eo
663 1623 771 1706 modo,
793 1634 829 1691 ut
848 1625 910 1691 ima
930 1645 1004 1712 pars
1028 1625 1096 1712 ejus

142 1740 177 1804 in
205 1738 441 1803 execrationem
468 1733 553 1800 basis
581 1739 809 1802 accuratissime
831 1734 972 1823 quadret.
1023 1737 1097 1823 Ipsa

141 1837 228 1914 basis
251 1858 378 1912 tnmcus
402 1856 452 1910 est
472 1844 651 1929 depressus,
672 1846 806 1929 simplici
822 1845 955 1942 pbeb'sci
975 1847 1096 1912 formae

142 1960 240 2042 magis
264 1956 471 2033 conveniens,
494 1977 587 2041 quiam
608 1955 702 2020 bases
725 1955 892 2020 aln‘ssimae
914 1965 946 2022 et
968 1977 1097 2042 compo-

141 2072 235 2149 sitae,
269 2086 352 2153 quae
379 2065 502 2132 Romae
516 2075 563 2130 et
590 2065 737 2152 Byzantii
764 2067 885 2131 seriore
912 2077 1016 2132 aetate
1045 2088 1097 2132 ex-

142 2185 280 2246 structae
302 2188 382 2242 sunt
433 2176 477 2242 Et
497 2178 530 2242 in
553 2175 700 2270 eligendo
728 2177 818 2258 loco,
847 2197 911 2264 quo
935 2175 1095 2245 obeliscos
1123 2263 1132 2277 ,

144 2267 499 2375 collocarent,.magna
520 2287 689 2376 prudentia
708 2290 885 2384 Aegyptios
913 2290 1013 2376 egisse
1041 2311 1096 2382 ap

142 2412 241 2490 paret,
263 2421 337 2466 cum
360 2410 432 2466 ante
454 2399 593 2486 pylones
620 2399 803 2487 magnificos
824 2399 878 2466 vel
898 2405 932 2468 in
953 2393 1093 2490 porticus

142 2511 208 2580 fine
238 2515 344 2601 potius
372 2511 538 2578 videantur
559 2512 713 2598 erigendi,
740 2533 834 2599 quam
855 2515 888 2579 in
910 2535 983 2580 area
1004 2523 1093 2580 vasta

142 2624 196 2692 vel
217 2627 250 2690 in
273 2624 433 2711 elephanti
455 2623 569 2702 dorso,
589 2634 626 2690 ut
646 2625 770 2691 Romae
793 2635 825 2690 et
847 2625 1018 2692 Cataneae.

208 2735 393 2802 Nonnullae
420 2739 620 2824 reperiuntur
645 2739 679 2802 in
707 2735 851 2804 obelisco
878 2735 1018 2802 Philcnsi
1047 2737 1094 2802 in·

141 2849 329 2935 scriptiones
351 2849 463 2936 partim
485 2846 597 2926 literis,
619 2869 697 2934 quas
720 2847 827 2916 dicunt
848 2850 1025 2928 hieraticis,
1042 2870 1094 2915 ex-

141 2981 279 3048 pressae,
301 2963 412 3048 partim
434 2959 561 3046 graecis,
584 2980 714 3045 quarm
732 2982 811 3041 una,
832 2963 951 3047 optime
965 2982 1093 3028 censer-

141 3082 229 3151 vata,
256 3074 338 3160 regis
359 3071 534 3139 Ptolemaei
562 3069 670 3151 (Novi
694 3072 854 3159 Dionysi)
881 3083 991 3140 votum
1017 3072 1094 3140 Isidi

143 3193 176 3250 ct
196 3182 266 3249 Diis
293 3183 427 3250 braidam
454 3179 706 3251 cohabitantibus
733 3184 848 3251 factum
870 3183 1010 3251 declarat
1023 3179 1089 3271 u).

175 3444 205 3518 4’)
227 3445 278 3504 Est
300 3453 385 3502 antem
402 3441 532 3503 obeliscus
550 3446 708 3524 asperrimus
724 3441 806 3520 lapis,
826 3443 855 3498 in
876 3441 985 3517 ἦςιιηω
1005 3452 1091 3501 metro

212 3531 346 3609 enjusdam
370 3533 468 3590 sensim
493 3533 528 3592 ed
555 3534 739 3612 proceritatem
765 3547 924 3606 consurgens
953 3528 1090 3599 excelsum,

210 3629 291 3697 utque
309 3617 410 3678 radium
426 3621 549 3688 imitetur,
567 3617 739 3696 gracilescens
755 3614 901 3695 paulisper,
921 3619 1011 3694 specie
1029 3635 1091 3693 qne·

212 3703 286 3763 dmta
312 3707 340 3764 in
360 3707 485 3762 verticem
508 3703 652 3785 productus
674 3713 825 3782 angustum,
850 3721 927 3760 menn
950 3701 1092 3780 laevigebae

212 3793 313 3851 artifici
349 3791 435 3854 dmm.
451 3791 565 3850 llnrcell
582 3789 669 3860 xvii,
685 3796 711 3850 t.

176 3877 211 3949 ”l
246 3877 357 3957 Egregie
392 3877 557 3958 explicatam,
591 3879 670 3937 aetati
693 3897 765 3942 ,suec
795 3874 963 3945 vindicatam,
995 3871 1089 3952 aliique
