3002 4544
1049 287 1097 361 69

229 465 403 552 Quomodo
439 469 511 530 aute
533 465 749 548 Psammetichi
783 469 915 530 aetatem
942 447 993 529 res
1026 485 1096 529 sese
1143 475 1219 532 Pras
1236 471 1269 531 n

147 576 304 656 habuerit,
331 581 364 644 in
393 581 514 642 incerto
541 577 781 665 relinquendum
810 586 1003 653 estgtamen
1029 585 1099 642 non'

147 699 325 777 possumus,
362 693 437 777 quin
469 691 533 754 hoc
560 690 635 756 loco
663 674 722 754 uiri
750 688 1096 768 doctissimiaddamus

147 805 332 868 sententiam
361 804 582 888 gravissimam:
611 803 769 868 historiam
794 805 972 888 priscorum
991 802 1098 887 Aegy·
1129 885 1132 893 Ι

147 917 194 1000 pti
215 925 391 1002 temporum
413 913 635 1001 labyrinthum,
656 937 762 1002 neque
786 914 917 1000 amplius¹
939 912 1098 978 Ariadnes

148 1023 246 1107 filum,
262 1027 511 1114 Chronologiam
527 1028 608 1107 dicit,
623 1029 657 1092 in
670 1026 815 1092 manibus'
827 1029 943 1092 nostris
959 1047 1028 1092 esse
1039 1023 1087 1106 Ἰ“).

235 1139 307 1204 Alia
335 1117 430 1218 rant,
460 1151 516 1205 cur
541 1143 574 1205 iu
596 1140 766 1224 Herodoto
787 1139 951 1228 Philarum
978 1157 1096 1206 nomon
1131 1219 1134 1224 Ι

147 1273 214 1316 non
237 1253 450 1339 quaerendum
472 1256 519 1331 sit,
541 1255 574 1317 in
597 1274 637 1318 eo
660 1247 772 1340 posita,
795 1250 884 1337 quod
906 1261 966 1316 res'
979 1253 1012 1316 in
1034 1261 1096 1316 ter·
1131 1333 1134 1340 Ι

146 1351 193 1428 ris
217 1374 333 1449 gestas,
367 1387 434 1436 non
462 1376 560 1430 terras
591 1387 737 1430 enarrare
764 1364 880 1443 voluit,
898 1385 1021 1450 ⁴neque
1047 1365 1097 1426 iti-

146 1471 230 1538 neris
268 1481 447 1542 memoriam
485 1477 614 1561 reliquit
652 1487 687 1538 ut
720 1457 905 1552 Pausanias,
944 1473 1002 1537 sed
1035 1483 1097 1538 ter-

145 1573 265 1664 rarum,
300 1608 377 1671 quas
405 1589 553 1664 visitavit,
587 1587 762 1663 historiam,
789 1584 966 1650 incolarum
991 1606 1100 1666 mores
1133 1669 1136 1676 Ι

127 1698 327 1784 explicavit,
355 1702 460 1764 onmia
483 1698 523 1764 ad
546 1695 741 1761 Graecorum
764 1707 874 1762 contra
895 1697 1007 1762 Persas
1028 1696 1098 1763 bel-

146 1809 212 1873 lum
230 1811 387 1874 reserens
419 1811 494 1895 Quo
509 1809 624 1876 lactum
640 1819 696 1886 est,
717 1819 752 1872 ut
767 1808 912 1873 loconun
924 1810 1096 1895 insignium,

149 1942 231 2005 quae
253 1918 443 1998 viderat‚‘ea
466 1931 584 1985 tantum
597 1922 747 1996 nominat,
770 1940 851 2004 quae
868 1909 1012 1984 omnibus
1028 1942 1098 1985 cae·
1144 1907 1148 1915 ¹

146 2034 222 2097 teris
251 2042 304 2096 aut
326 2031 439 2095 divitiis
463 2041 516 2096 aut
537 2041 810 2095 monumentorum
831 2030 1042 2116 magnitudine
1065 2042 1097 2096 et

146 2143 318 2230 splendore
340 2141 601 2208 antecedebant·
620 2143 698 2208 Item
720 2144 753 2205 in
774 2141 866 2207 libro
881 2142 1022 2208 secundo
1044 2165 1097 2208 res

145 2258 355 2341 Aegyptiacus
396 2254 627 2342 complectente
667 2257 797 2320 maxima
829 2255 958 2320 solertia
992 2258 1098 2324 omnia

147 2366 188 2434 de
210 2377 312 2432 terrae
334 2378 444 2432 natura
467 2378 499 2432 et
513 2367 642 2432 historia
658 2365 793 2451 collegit,
803 2367 805 2374 ’
817 2366 904 2453 quod
920 2389 960 2432 eo
976 2369 1096 2454 majore

147 2477 350 2548 admiratione
379 2477 589 2564 dignumst,
618 2476 707 2563 quod
734 2477 859 2563 linguae
881 2479 1096 2566 Aegyptiacae

146 2613 214 2657 non
248 2593 367 2676 peritus
402 2591 472 2668 fuit,
507 2601 539 2655 et
567 2611 649 2675 quae
676 2588 786 2668 refert,
824 2612 862 2656 ex
890 2578 1096 2677 interpretum

145 2700 385 2782 narrationibus,
406 2703 592 2790 plerumque
606 2701 768 2779 fabulosis,
789 2723 857 2766 non
874 2725 973 2788 parvo
988 2701 1097 2767 hercle

145 2814 259 2881 labore
282 2817 450 2879 extricavit.
488 2815 717 2900 Aegyptiorum
740 2817 879 2900 origines
898 2815 956 2896 (ll,
975 2815 1098 2898 1-3)

148 2940 181 2993 et
206 2929 346 3014 Aegypti
372 2949 533 2992 mensuras
560 2927 732 3008 (at-16)
757 2930 865 3014 paucis
894 2925 1096 3005 admnhrans,

98 3049 102 3056 '
147 3039 189 3104 de
209 3039 289 3104 Nilo
317 3039 415 3104 fluvio
444 3037 653 3105 abundantius
682 3041 866 3121 (lt-34>
893 3051 1019 3114 tractat3
1047 3061 1095 3103 sa-

146 3174 199 3215 cra
221 3143 365 3216 Deomm
387 3153 572 3232 (ln-ot)
601 3161 632 3216 et
652 3149 821 3216 bestiamm
844 3151 960 3218 cultum
982 3151 1096 3231 (65-
1138 3231 1139 3236 ¹

148 3265 212 3344 76)
240 3265 364 3350 parcius
391 3285 451 3350 pro
482 3263 644 3332 desideriis
673 3266 788 3329 nostris
817 3267 928 3350 tangit,
956 3263 997 3328 de
1021 3282 1095 3326 con-

150 3373 275 3441 diendis
299 3359 504 3440 cadaveribus
527 3377 712 3458 (St-90),
736 3375 776 3440 de
799 3377 937 3461 Aegypti
959 3373 1096 3438 animali-

144 3487 205 3552 bus
229 3497 260 3554 et
282 3487 398 3573 plantis
419 3489 619 3571 (oo-95),
648 3488 689 3553 de
711 3488 777 3552 Nili
800 3487 936 3574 denique
959 3485 1095 3552 exunda-

144 3602 232 3665 tione
254 3601 339 3695 (298)
367 3613 541 3668 memoratu
570 3600 746 3689 dignissima
774 3599 881 3676 affert}
908 3598 1023 3667 deinde
1051 3598 1095 3663 hi-

142 3758 343 3772 Μ

180 3841 207 3914 ⁴)
224 3842 312 3902 ldeler
330 3843 458 3902 Chronol.
476 3843 497 3914 l,
516 3849 574 3905 19⁰.
