3002 4544
407 281 564 358 64'

232 475 306 532 Pras
325 473 356 532 11.
407 460 532 526 Graeca
556 464 704 527 versione
734 459 845 526 tradita
873 480 942 526 esse
963 459 1012 544 *),
1043 459 1148 526 Philas
1172 482 1307 548 ,quoque
1333 485 1351 526 a
1465 502 1469 515 ι

408 573 534 638 Graeco
544 535 656 663 ’φίλος
676 585 808 661 propter
836 573 901 638 loci
923 565 1141 639 amoenitatem
1163 571 1260 638 dictas
1283 595 1350 638 esse

406 685 491 750 haud
512 689 664 751 immerito
688 683 850 750 existimes.
902 685 1077 750 Similitudo
1103 685 1251 754 vocabuli
1273 687 1350 750 Ara-

406 797 470 861 bici
502 796 550 860 fil
582 796 751 882 (elephas)
784 820 983 885 nequaquam
1016 798 1077 861 huc
1111 797 1263 864 trahenda
1295 808 1348 862 est.

410 909 498 994 Quas
526 911 559 973 in
580 906 784 994 scriptoribus
807 913 940 997 antiquis
964 909 1171 996 etymologias
1193 909 1350 986 habemus,

408 1022 517 1085 omnes
532 1023 565 1084 in
581 1020 704 1085 Graeca
720 1024 839 1108 origine
855 1025 1061 1101 consentiunt,
1084 1043 1270 1108 quamquam
1283 1025 1351 1106 ipsa

406 1133 603 1198 derivatione
627 1131 763 1198 diversa:
792 1135 956 1198 Servius
986 1134 1027 1198 ad
1055 1134 1168 1199 Aneid.
1191 1135 1253 1211 Vl,
1277 1135 1349 1198 154.

405 1248 504 1322 »τίνοι
527 1245 657 1330 Syenen
680 1267 749 1310 esse
771 1245 886 1323 locum,
909 1268 986 1333 quas
1007 1246 1122 1323 Philae,
1143 1249 1163 1310 i.
1188 1268 1214 1310 e.
1239 1248 1350 1309 amicas

404 1368 528 1434 vocant,
552 1360 625 1442 quia
646 1357 711 1420 illic
733 1357 856 1442 placata
871 1371 919 1424 est
935 1357 974 1422 ab
991 1357 1154 1446 Aegyptiis
1176 1359 1234 1420 Isis
1255 1360 1350 1421 irata“

406 1507 447 1522 —
478 1479 509 1533 et
531 1468 723 1534 Scholiastes
746 1470 894 1537 Lucani
916 1471 1023 1535 Phars.
1046 1473 1090 1548 X,
1112 1471 1186 1534 313.
1211 1467 1259 1532 ed.
1283 1463 1350 1531 Ou-

405 1577 558 1666 dendorp.
587 1581 722 1661 „Philae
750 1581 825 1645 urhs
854 1585 953 1667 prima
980 1583 1132 1668 Aegypti,
1163 1564 1351 1665 Aethiopiae

404 1695 604 1770 contermina,
629 1692 713 1779 apud
737 1716 837 1778 quam,
860 1693 915 1757 diu
936 1697 1041 1758 tractis
1062 1692 1156 1758 bellis
1177 1693 1350 1776 Aethiopes

404 1817 436 1870 et
456 1806 604 1892 Aegyptii
627 1828 712 1870 anna
733 1793 924 1892 posuerunt,x
950 1809 983 1870 in
1010 1792 1171 1870 amicitiam
1193 1813 1352 1868 reverten-

402 1929 468 2002 teS,
493 1917 578 1982 unde
609 1921 715 1983 civitas
745 1910 811 1982 ἀπὸ
840 1917 900 1996 τῆς
928 1919 1042 2006 φιλίας
1066 1939 1182 1983 nomen
1206 1919 1352 2002 accepit.“

402 2029 499 2091 Haud
534 2030 600 2089 scio
636 2048 677 2088 an
712 2025 895 2089 scholiastes
932 2038 1057 2090 secutus
1085 2031 1125 2089 sit
1152 2027 1352 2113 Procopium,

406 2139 460 2222 qui
482 2136 549 2198 fere
573 2133 684 2198 eadem
705 2133 810 2212 refert,
834 2133 874 2198 de
896 2133 984 2199 hello
1008 2135 1237 2206 Persicolihl.
1256 2140 1362 2204 c.19.'

403 2245 452 2312 ed.
485 2237 660 2311 Hoeschelz
694 2249 803 2309 καίτοι
830 2246 888 2310 καὶ
915 2241 1020 2325 νῆσόν
1047 2268 1123 2312 τινα
1150 2252 1186 2314 ἐν
1211 2250 1352 2336 ποταμῷ

361 2387 362 2390 “
400 2359 497 2441 calip
525 2344 664 2442 ίίγχιστοὶ
691 2379 738 2435 πη
767 2356 827 2436 τῆς
856 2359 1070 2447 ὲλεφαντίνης
1090 2355 1223 2438 ,πόλεως
1251 2355 1352 2455 εὑρών

402 2466 421 2536 ὁ
449 2462 604 2554 βασιλεὺς
631 2457 741 2545 οὗτος,
778 2464 938 2559 φρούριόν
965 2493 1000 2534 τε
1028 2466 1129 2562 ταύτῃ
1157 2469 1350 2559 δειμάμενος

294 2577 296 2580 ’
401 2577 614 2669 ἐχυρώτατον
627 2574 754 2656 κοινούς
776 2601 868 2658 τινας
890 2580 1042 2648 ἐνταῦθα
1063 2586 1143 2660 νέως
1164 2605 1199 2648 τε
1213 2586 1270 2650 καί
1282 2585 1350 2669 βω-

399 2685 482 2778 μοὺς
503 2693 662 2778 ῥωμαίοις
682 2715 717 2756 τε
738 2694 795 2757 καὶ
815 2687 943 2770 τούτοις
965 2686 1007 2783 δὴ
1028 2691 1252 2776 κατεστήσατο
1280 2701 1351 2772 τοῖς

398 2799 606 2891 βαρβάροις·
644 2805 700 2867 καὶ
724 2807 832 2892 tapete
868 2800 1016 2878 ἑκάστων
1051 2812 1090 2873 1ὲν
1122 2807 1169 2892 τῷ
1202 2809 1349 2896 φρουρίῳ

399 2909 504 2998 τούτῳ
531 2910 703 3002 ἱδρύσατο,
732 2919 768 2980 ἐν
794 2915 841 3000 τῷ
868 2917 995 3002 βεβαίῳ
1016 2911 1078 2998 τήν
1099 2919 1215 3009 φιλίαν
1236 2915 1351 2995 αὐτοῖς

400 3026 541 3092 ἔσεσθαι
556 3026 603 3109 τῷ
616 3029 760 3112 μετέχειν
768 3026 840 3094 τῶν
860 3029 956 3117 ἱερῶν
978 3031 1093 3118 σφίσιν
1115 3024 1271 3115 οἰόμενος,
1296 3023 1350 3094 διὸ

344 3125 347 3132 ’
401 3130 443 3218 δή
472 3135 529 3202 καί
557 3139 684 3228 φίλας
712 3133 902 3224 ἐπωνόμασε
931 3135 969 3205 τὸ
995 3135 1125 3228 χοίρων.
1157 3179 1197 3192 —-
1232 3141 1350 3228 Neque

402 3250 561 3337 discrepat
575 3249 614 3314 ab
632 3251 825 3338 etymologia
837 3253 961 3318 Graeca
974 3274 1092 3316 nomen
1106 3253 1226 3318 insulae
1238 3253 1351 3318 Arabi-

401 3397 484 3442 cmn:
512 3360 656 3491 930..st
687 3366 789 3479 Qvi
814 3379 1134 3466 Anes-el-wodjud,
1163 3380 1350 3446 hilaritas

399 3518 572 3589 naturae,
595 3514 683 3596 cujus
702 3513 836 3577 nominis
852 3507 1110 3600 significationem
1124 3509 1249 3575 incolae
1264 3531 1352 3574 nune

388 3615 403 3632 ”
1169 3643 1170 3650 “
1252 3619 1350 3707 plane

420 3809 461 3882 Ἰ)
483 3830 507 3866 v.
526 3832 547 3870 e.
565 3809 776 3889 Apollinopolim
799 3812 953 3890 Diospolin,
976 3776 1143 3888 Eilithyinm,
1158 3811 1351 3889 Elephantinen

469 3905 519 3952 etc
