3002 4544
399 339 450 416 58

229 527 344 590 Ριιιι
399 517 506 583 lourm
528 523 629 594 tenet,
657 532 695 578 ex
717 531 782 598 quo
804 520 1006 578 monimenta
1028 507 1196 599 pleraque,
1223 523 1347 578 montes

401 630 654 714 circumjacentes
677 635 710 695 et
731 633 905 692 cataractae
925 627 1016 712 primi
1036 624 1161 711 scopuli
1175 623 1277 690 oculs
1292 647 1347 711 pa·
1485 625 1486 634 ’

398 753 477 808 'tent
529 723 641 805 Plures
662 738 696 803 in
717 735 811 802 litore
833 735 1005 823 palmarum
1026 739 1152 824 proceri
1172 739 1294 823 stipites
1317 747 1349 802 et

401 853 501 920 densa
522 839 689 918 cassiamm
708 847 841 938 virgulta
862 848 1223 930 inveniuntm,·umbrae
1239 871 1349 914 caussa

401 967 622 1053 acceptissima
681 961 964 1052 Quotienscumque
987 987 1005 1028 a
1026 962 1135 1052 Syene
1157 961 1348 1040 advenimus,

397 1080 531 1142 maxima
551 1097 612 1142 nos
633 1074 753 1142 laetitia
773 1075 881 1141 viridis
904 1092 1014 1143 eorum
1031 1075 1200 1164 adspectus
1214 1085 1248 1140 et
1262 1083 1349 1164 grata

401 1187 580 1256 distributio
602 1187 752 1297 implevit.

146 1289 385 1380 .aneato·
467 1301 551 1369 Cum
570 1304 620 1367 ita
635 1312 733 1367 totam
752 1299 885 1371 insulam
899 1301 1060 1387 pervagati
1073 1301 1176 1379 simus,
1197 1307 1349 1385 superest,

50 1409 53 1421 ’
142 1471 152 1488 .
189 1395 436 1521 ''gim‘nt
458 1413 596 1480 adhibita
617 1412 772 1488 tabulal.
798 1411 840 1478 ad
862 1411 1077 1478 aedificiorum
1098 1411 1348 1482 distributionem

176 1589 177 1594 ,
399 1530 491 1616 qnasi
511 1535 757 1614 praetereumtes
772 1528 908 1590 animum
928 1536 1094 1595 vertamus.
1138 1525 1305 1590 Maxima'
1296 1524 1350 1610 agi

398 1647 454 1704 tur
478 1649 753 1706 monumentorum
778 1659 852 1725 pars
881 1641 915 1704 in
942 1640 1011 1724 ripa
1036 1636 1227 1708 occidentali,
1245 1637 1350 1721 posita

401 1760 463 1829 est,
493 1759 525 1842 et
552 1752 621 1843 ipsa
650 1749 794 1817 aedilicia
815 1749 890 1814 inde
912 1771 932 1814 a
952 1749 1051 1814 acala
1059 1746 1329 1827 meridionaliffl
1334 1747 1349 1826 )

400 1884 503 1962 arsque
531 1859 573 1927 ad
602 1873 772 1930 extremum
792 1861 944 1948 templum
969 1865 1012 1928 ita
1035 1861 1179 1931 ordinata
1200 1869 1290 1937 utut,
1314 1867 1350 1952 ut

401 1986 535 2040 curvata
563 1973 648 2039 linea
680 1975 802 2039 insulae
835 1996 923 2040 oram
955 1977 1047 2059 sequi
1078 1974 1265 2042 videantur.¹
1295 1945 1351 2036 In

399 2094 490 2172 parte
518 2082 644 2146 boreali
660 2085 840 2174 antiquitus
868 2081 979 2145 urbem
1006 2084 1095 2146 sitam
1116 2082 1227 2161 fuisse,
1254 2102 1352 2166 supra

399 2195 585 2260 monuimus.
643 2191 794 2278 Magnum
827 2191 1014 2279 templum'
1004 2213 1038 2258 m
1065 2196 1134 2279 ripa
1162 2190 1352 2261 occidentali

401 2314 551 2393 quattuor
576 2301 752 2391 pylonibus
774 2303 825 2388 (C
849 2315 881 2370 et
902 2305 954 2386 N)
978 2315 1123 2374 omnuim
1146 2306 1235 2390 quasi
1256 2315 1352 2392 caput
1487 2335 1488 2382 t

402 2415 527 2484 aedium
548 2417 621 2496 fuit,
633 2418 732 2503 scmus
753 2419 896 2504 posticae
918 2427 1024 2503 partes
1045 2417 1227 2503 Aegyptum
1249 2427 1282 2482 et
1302 2437 1352 2481 se·

401 2532 628 2620 plectionem,
642 2525 772 2612 -anticae
794 2540 897 2594 autem
918 2529 1117 2623 Aethiopiam
1140 2539 1171 2594 et
1191 2527 1351 2594 meridiem
1487 2575 1488 2584 ι

402 2653 561 2732 spectant;
579 2639 707 2706 aditum
728 2639 883 2728 praebant
905 2641 1015 2708 ambae
1037 2644 1177 2728 porticus
1199 2640 1244 2722 (D
1262 2651 1294 2706 et
1307 2643 1350 2723 E)

403 2777 474 2822 cum
495 2752 663 2842 peristylio
687 2753 814 2819 australi
831 2755 973 2841 (licui
990 2753 1080 2826 scala
1100 2775 1211 2841 magna
1232 2753 1274 2820 ad
1294 2753 1352 2818 tlu-

402 2870 488 2934 vimn
509 2864 671 2932 deducens
693 2865 817 2954 adjacet
838 2867 918 2956 (Η).
968 2869 1058 2932 Haec
1082 2869 1159 2953 quin
1180 2868 1352 2932 vetustiora

334 2966 337 2974 ¹
401 2979 534 3047 insulae
552 2990 754 3045 monumenta
774 2981 853 3059 sint,
882 2977 927 3046 ob
949 2982 1087 3045 rationes
1109 2982 1142 3066 in
1165 2977 1353 3064 disqtrisitio-

402 3095 452 3160 nia
484 3093 583 3158 initio.
609 3091 719 3157 allatas
746 3090 831 3156 haud
860 3090 1044 3158 dubitamus.
1101 3093 1208 3178 Atque
1234 3089 1352 3155 ibidem
1487 3157 1488 3190 1

331 3203 333 3212 ’
403 3203 585 3293 quaerenda
607 3217 680 3272 sunt
701 3202 835 3269 delubra
856 3204 912 3268 illa
933 3207 1074 3290 antiqua,
1101 3205 1128 3267 si
1149 3205 1278 3272 omnino
1301 3220 1353 3268 ex-

402 3328 488 3386 stant
507 3321 541 3384 in
561 3316 679 3396 inatile,
708 3339 790 3403 quae
811 3319 944 3403 priscam
964 3302 1138 3381 incolarmn
1160 3315 1353 3402 opulentiam

403 3430 602 3494 Pharaonum
630 3440 733 3495 aetate
761 3437 937 3521 testantur..
981 3430 1192 3516 Reperiantm
1218 3428 1293 3495 licet
1319 3431 1353 3494 in

402 3541 465 3606 illis
493 3562 601 3627 regum
629 3543 884 3608 Ptolemaeorum
913 3551 945 3604 et
974 3540 1146 3608 caesaram
1179 3544 1351 3622 nomina,
1487 3529 1488 3586 l

403 3651 501 3718 literis
523 3650 768 3740 hieroglyphicis
789 3652 842 3718 vel
863 3657 982 3739 graecis
1006 3671 1167 3740 expressa3
1192 3674 1266 3740 unos‘
1287 3645 1354 3740 qui-

405 3764 477 3861 dem
498 3769 531 3832 in
554 3765 688 3854 animum
709 3788 777 3834 non
797 3765 987 3846 inducimus,
1008 3802 1054 3814 -
1074 3768 1134 3833 nisi
1157 3747 1263 3834 omnia
1283 3764 1353 3845 alia,

406 3899 487 3965 quae
508 3881 644 3965 parietes
666 3890 794 3958 mant,
820 3880 907 3966 signa
930 3879 1081 3967 explicata
1100 3879 1183 3957 sint„
1205 3904 1250 3928 -s-
1278 3889 1353 3944 tem-
1487 3873 1488 3880 '
