3002 4544
396 355 446 427 38

399 530 441 611 d)
473 533 554 594 inter
587 537 731 594 notarum
766 547 921 592 sacrarum
964 523 1147 610 farraginem
1191 519 1350 610 elephanti

399 663 528 728 quoque
550 643 713 726 imaginem
737 643 884 704 continet.
926 637 1110 704 Ornamenti
1131 637 1229 701 instar
1249 639 1282 700 in
1305 646 1350 699 ta-

398 753 472 818 bula
510 765 557 818 est
592 753 748 838 depictus,
786 774 879 836 quam
908 765 984 814 anns
1015 749 1167 836 quaedam
1183 749 1268 812 'Deo
1295 747 1350 812 vel

314 909 315 912 =
398 869 464 952 regi
487 865 582 930 ollert
602 861 647 945 *).
693 866 773 928 'Pam
795 887 893 950 parva
917 875 1018 927 autem
1042 874 1074 926 et
1096 860 1279 926 abscondita
1303 871 1351 924 est

399 982 515 1063 imago,
545 988 580 1041 ut
609 979 700 1052 etiam
730 975 959 1064 diligentiorum
990 974 1101 1039 oculos
1124 972 1351 1059 farrile‘lugiau

399 1111 504 1175 nequo
535 1091 602 1176 ejus
629 1093 820 1154 mentionem
855 1088 1043 1165 faceremus,
1078 1091 1137 1152 nisi
1170 1086 1239 1152 sola
1268 1095 1352 1150 esset

400 1199 559 1285 elephanti
587 1205 688 1288 imago
712 1212 774 1267 tam
796 1205 829 1264 in
851 1200 947 1266 Philis
969 1199 1085 1277 insula,
1101 1221 1207 1286 *quarn
1223 1203 1262 1263 jin
1283 1210 1350 1264 tota

400 1316 548 1399 Aegypto
575 1325 605 1378 et
619 1311 740 1388 Nuhia;
765 1316 822 1377 etsi
844 1331 911 1377 non
932 1331 1089 1398 negemus,
1111 1315 1144 1376 in
1159 1315 1359 1396 accuratiore·

402 1425 590 1510 templorum
611 1429 861 1512 perscrutatione
885 1424 960 1489 alias
985 1429 1115 1510 reperiri
1136 1446 1241 1510 posse.
1256 1419 1277 1435 “’
1293 1422 1352 1487 Ol-

331 1601 333 1606 .
400 1536 572 1602 tenduntur
595 1529 721 1623 quidem
743 1540 776 1602 in
799 1538 867 1602 aliis
890 1537 1013 1623 templis
1036 1540 1227 1623 aegyptiacis
1250 1547 1281 1600 ct
1295 1557 1353 1601 nu·

400 1649 570 1726 hiensihuS,
594 1648 633 1712 ad
656 1671 754 1734 pagos
770 1649 969 1726 Kahabsehe,
991 1647 1212 1712 Medinet-ahu
1234 1660 1292 1712 etc.
1307 1655 1354 1712 ta-

399 1761 495 1826 bulae
518 1760 773 1846 hieroglyphicae
796 1773 923 1847 praeter
945 1763 1085 1846 captivos
1109 1760 1251 1825 animalia
1274 1780 1352 1845 quo-

265 1853 299 1934 ⁰·
401 1897 463 1960 que
492 1875 531 1938 'ex
560 1873 638 1940 belli
668 1874 786 1960 praeda
816 1873 859 1940 ob
882 1875 996 1940 oculos
1019 1883 1189 1959 ponentes:
1218 1872 1352 1948 leonern,

400 1989 532 2063 simiam,
562 1987 782 2060 struthionem,
814 1987 984 2068 antilopam
1013 1997 1045 2046 et
1074 1985 1147 2057 alia3
1176 2018 1221 2032 —-
1248 1996 1352 2047 tamen

399 2101 481 2159 inter
510 2097 589 2157 haec
616 2114 768 2176 nusquam
799 2093 998 2176 elephantum
1021 2089 1130 2154 videre
1152 2077 1355 2172 rncnfluimus,

400 2207 487 2291 cujus
524 2225 561 2268 ex
595 2206 745 2267 interiore
774 2202 880 2267 Africa
912 2205 1079 2266 notionem
1108 2201 1148 2266 ad
1176 2205 1353 2290 Aegyptios

401 2318 582 2402 pervenisse
612 2335 743 2380 necesse
773 2327 829 2378 est.
854 2317 856 2326 '
881 2315 996 2399 Neque
1025 2317 1125 2379 minus
1141 2315 1364 2386 memorabile!

401 2439 463 2506 est,
492 2449 646 2526 nusquam
675 2430 708 2492 in
736 2426 849 2492 tabulis
874 2427 1075 2512 'templorum'
1091 2428 1201 2492 cameli
1222 2430 1351 2495 fonnarn

399 2545 549 2627 integram
570 2543 709 2627 reperiri
736 2561 829 2627 quern
852 2543 1020 2624 antiquitus
1043 2543 1076 2604 in
1099 2541 1248 2627 Aegypto
1272 2547 1353 2608 inter

401 2654 545 2720 animalia
574 2653 745 2719 domestica
773 2653 881 2719 fuisse
898 2660 1062 2735 constat.)
1079 2654 1116 2718 ln
1144 2648 1351 2720 monumentis

399 2768 530 2832 Merois
552 2764 682 2842 insulae,
706 2769 756 2830 cui
777 2787 862 2830 nune
887 2763 1176 2855 Se'mraarnomen,
1195 2771 1265 2832 'non
1286 2779 1351 2832 tan-

399 2887 463 2942 turn
477 2867 673 2962 *elephantos
695 2877 800 2956 solos,'
815 2877 872 2942 sed
895 2881 986 2944 etiarn
1004 2884 1072 2942 cuin
1089 2878 1266 2944 hominibus
1287 2899 1352 2943 cer-

400 3001 503 3055 tantes
527 2989 670 3076 depictos
695 3011 764 3054 esse
785 2981 912 3057 narrant
933 2995 1086 3070 viatores,
1118 2990 1230 3077 quibus
1252 2991 1353 3077 regios

400 3123 458 3168 nes
481 3102 550 3167 illas
573 3112 719 3166 remotas
733 3102 819 3168 adire
842 3102 967 3190 obtigit,
995 3107 1078 3168 inter
1106 3098 1187 3190 quos
1210 3107 1354 3169 amicissi-

400 3235 483 3278 mum
505 3207 679 3300 Augustmn
701 3217 816 3282 Linant
838 3220 1048 3294 nominamus,
1074 3217 1129 3300 qui
1152 3215 1352 3281 certaminum

359 3326 630 3395 '¹‹leli11eationes
659 3329 856 3394 nitidissimae
885 3345 993 3413 magna
1021 3327 1166 3392 comitato
1188 3325 1352 3394 nobiscum

402 3442 646 3506 communicavit.
1221 3443 1225 3450 ’

207 3579 234 3620 et
253 3551 371 3620 alionum
469 3551 550 3618 Cum
571 3555 633 3643 jam
657 3553 698 3618 tle
721 3551 896 3618 animalium
911 3550 1212 3638 imaginibus'senno
1226 3553 1276 3632 hil,
1299 3551 1353 3618 uti'-

209 3640 377 3693 ‘¹⁷²'”'‘¹¹²‘¹'''''
400 3663 569 3750 jiciendmn
592 3667 684 3730 etiam
704 3666 837 3743 videtur,
860 3659 978 3751 duplici
999 3663 1097 3730 modo
1121 3687 1174 3750 eas
1190 3673 1352 3754 expressas

400 3827 601 3843 m-

348 3885 349 3888 *
426 3894 541 3972 '‘)‘Tah
561 3887 592 3956 ll.
612 3897 694 3955 forma
715 3901 739 3954 i.
