3002 4544
1064 313 1113 386 33

167 490 332 575 compositi
358 495 445 566 sunt3
474 496 569 574 etque
589 489 659 574 ipsa
681 505 771 552 arcus
793 486 908 573 forma,
935 497 1047 576 portae
1068 492 1120 555 in·
1165 495 1239 554 Pars
1258 497 1277 554 1.

165 611 243 680 star,
274 604 308 666 in
334 581 425 668 nullo
455 599 518 664 alio
547 603 777 687 Aegyptiorum
805 602 923 687 templo
950 604 1113 687 hucusque

165 723 305 800 reperta,
335 712 374 778 de
398 716 587 804 antiquitate
611 712 836 780 dubitationem
859 736 1034 801 provocare
1057 733 1127 801 po·-

166 828 291 902 tuisset;
324 805 429 912 neque
457 829 667 912 pronunciare
695 837 854 904 veremur,
888 829 1113 893 florentissimis

167 939 240 1001 artis
274 936 467 1023 temporibus
501 939 677 1025 Aegyptios
714 950 745 1004 et
773 936 917 1004 Graecos
953 961 1115 1005 concame-

166 1047 256 1114 randi
278 1060 375 1114 artem
396 1070 502 1135 neque
525 1053 714 1128 exercuisse,
744 1071 849 1136 neque
870 1056 998 1118 novisse
1021 1051 1113 1117 adeo.

168 1198 209 1211 —
238 1160 304 1225 Sed
331 1173 366 1226 ut
392 1163 455 1249 jam
477 1160 518 1225 ad
539 1166 694 1249 porticum
715 1162 1115 1242 Phileusemrevertamur,
1161 1181 1287 1236 Porticus

165 1275 199 1338 in
227 1277 290 1360 q'na
319 1271 527 1340 describenda
554 1275 770 1354 versabamur,
798 1279 921 1363 triginta
949 1281 1041 1342 trium
1063 1297 1116 1340 co-
1136 1251 1314 1376 offlffis

166 1385 339 1462 luutnarum
367 1391 463 1453 series
491 1386 669 1471 ingentibus
694 1391 775 1452 saxis
797 1392 1003 1475 superpositis
1024 1404 1114 1452 muro

167 1482 288 1561 annexa
323 1510 380 1563 est.
437 1499 590 1562 Saxorum
623 1499 779 1568 nonnulla
807 1521 845 1562 ex
873 1499 938 1563 alto
966 1497 1116 1584 prolapsa

166 1607 327 1673 laeserunt
350 1609 484 1695 capitula
505 1608 558 1674 vel
576 1607 802 1696 perfregerunt,
823 1612 957 1696 viaeque
972 1632 1116 1698 magnum

164 1719 420 1807 impedimentum
460 1719 605 1786 afferunt.
671 1721 784 1786 Murus
808 1725 924 1808 'primo
965 1722 1117 1809 adspectu

166 1833 270 1896 multis
306 1833 386 1900 locis
423 1854 530 1896 carere
564 1831 700 1895 videtur.
723 1829 830 1914 figuris
864 1833 1117 1919 hieroglyphicis,

168 1962 250 2026 quae
281 1940 433 2026 reliquam
464 1943 618 2027 porticum
648 1939 831 2006 densissimo
861 1946 995 2028 agmine,
1029 1947 1117 2030 quasi

166 2051 267 2130 nube,
289 2051 456 2136 obtegunt3
480 2054 651 2116 accuratius
676 2061 778 2116 autem
800 2054 827 2114 si
847 2039 1052 2140 indagaveris,
1072 2053 1117 2120 fa-

167 2163 227 2229 cile
256 2166 441 2250 perspicies,
470 2162 571 2228 nudas
600 2171 705 2252 partes
734 2168 898 2249 praetenui
925 2165 990 2230 limi
1018 2177 1115 2234 strato

167 2275 269 2362 (quod
291 2299 386 2362 supra
408 2273 591 2341 lithocollae
612 2278 740 2341 nomine
755 2275 997 2363 designavimus)
1018 2291 1116 2345 tectas

167 2377 251 2467 esse,
282 2392 335 2476 qui
351 2367 492 2476 'prorsus
522 2386 661 2474 ejusdem
685 2399 733 2452 est
755 2388 871 2454 coloris
894 2413 932 2456 ac
953 2389 1032 2475 lapis
1056 2391 1119 2455 cal-

167 2504 277 2566 carius.
315 2499 427 2586 Scopis
450 2498 534 2564 haud
557 2497 727 2564 difficulter
740 2512 928 2580 removetur,
951 2524 1015 2590 quo
1031 2505 1117 2570 facto
1149 2511 1150 2514 ’

166 2612 307 2700 singulae
335 2614 500 2697 imaginum
527 2621 632 2696 partes
660 2633 767 2676 rursus
794 2624 960 2700 appareut;
989 2614 1116 2679 colores

168 2736 280 2803 autem,
303 2723 416 2852 qugrus
440 2733 570 2788 ornatae
592 2699 857 2810 fuerantligmae,
880 2724 988 2803 lutum,
1009 2736 1045 2789 ut
1065 2747 1116 2791 so-

169 2837 223 2916 let,
246 2834 476 2914 ve10drssolvit,
494 2835 548 2900 vel
568 2834 700 2900 multum
720 2839 878 2903 imminuit.
921 2828 1026 2903 Strato
1049 2859 1116 2902 sae-

167 2951 238 3036 pius
268 2947 402 3012 anobis
432 2945 560 3013 detr‘uso
588 2950 621 3012 iu
642 2947 745 3012 multis
768 2948 890 3016 insulae
911 2948 1007 3028 locis,
1034 2953 1116 3014 iuter

168 3060 295 3126 colores
318 3059 498 3124 caeruleum
517 3061 647 3125 maxime
669 3063 853 3124 remansisse
875 3059 1023 3141 vidimus,
1050 3072 1115 3126 tum

167 3171 304 3249 rubrum,
327 3182 503 3236 ceterorum
524 3173 679 3237 rarissima
700 3181 772 3236 stmt
792 3174 930 3258 vestigia.

234 3282 462 3351 Columnarum
485 3279 626 3370 capitulis
650 3303 720 3346 cum
741 3287 870 3348 omnino
884 3283 1114 3369 Aegyptiorum
1129 3297 1319 3383 capitulorum

167 3397 372 3487 architectura
400 3393 580 3482 splendeat,
606 3394 662 3460 illa
687 3405 808 3473 tamen,
837 3416 918 3480 quae
939 3395 1049 3494 'Philis
1065 3419 1117 3462 ex·
1133 3379 1316 3440 memma·

165 3518 265 3588 stant,
302 3509 413 3573 ceteris
450 3505 595 3573 omnibus
633 3505 864 3593 pulchritudine
901 3516 933 3572 et
964 3512 1115 3574 varietate

166 3620 287 3686 tonnae
314 3618 515 3684 antecelltmt.
567 3618 794 3685 Columnarum
820 3620 956 3706 capitula
982 3623 1016 3686 in
1041 3642 1116 3707 por-

166 3735 231 3798 ticu
252 3732 325 3815 (D)
346 3735 429 3798 inter
449 3755 483 3798 se
506 3729 656 3796 differunt
678 3733 795 3810 omnia,
816 3731 875 3797 sed
896 3735 973 3797 mira
994 3732 1115 3798 formae

168 3843 315 3931 dignitate
352 3865 498 3934 quaeque
530 3829 690 3930 insignita;
724 3854 819 3912 tenue
853 3843 980 3934 quidem
1008 3843 1115 3910 discri-

782 3943 794 3966 '
892 3956 914 4019 3
