3002 4544
435 293 486 370 48

266 475 379 536 Pausi
436 468 549 549 edidit,
576 489 645 556 quo
670 488 783 554 specus
811 463 1029 535 absconditum
1056 465 1221 557 detegitur.
1270 471 1308 540 ln
1336 474 1384 540 his

300 585 302 590 ’
436 580 641 650 conclavibus
663 583 828 667 opinamur
855 579 934 646 belli
956 581 1150 668 temporibus
1173 582 1282 670 templi
1304 608 1383 673 opes

434 697 589 782 repositas
617 693 723 757 fixisse.
775 691 868 777 Quae
897 715 967 758 cum
994 696 1062 757 sine
1089 694 1170 762 duce
1193 695 1385 776 adiissemus,

433 809 564 874 mmmm
592 807 688 892 gavisi
717 826 852 882 eramus,
880 826 940 871 nos
966 807 1083 891 primos
1111 809 1283 887 invenisse,
1310 832 1385 875 mox

434 918 567 987 candela
588 919 700 1006 parieti
720 916 846 982 admota
867 916 952 983 haud
973 939 1075 1004 pauca
1088 921 1243 986 viatorum
1256 924 1384 987 nomina

432 1031 477 1098 ibi
506 1033 654 1118 inscripta
681 1027 776 1095 nobis
803 1030 967 1116 patefecit,
997 1033 1051 1116 qui
1073 1042 1146 1096 ante
1167 1053 1227 1098 nos
1248 1033 1385 1101 fortasse

431 1149 465 1212 in
488 1140 622 1210 eundem
645 1143 785 1207 errorem
804 1140 987 1210 inciderant.

497 1257 690 1321 Annotatum
722 1251 869 1318 volumus
897 1265 1061 1341 praeterea
1090 1254 1130 1320 de
1160 1256 1207 1322 his
1236 1255 1384 1337 latibulis,

430 1371 493 1457 jam
520 1365 595 1431 inde
625 1390 644 1432 a
668 1368 775 1454 primis
797 1365 889 1430 scalis
910 1387 1065 1452 nusquam
1087 1365 1203 1454 figuras
1225 1369 1385 1456 hierogly-

431 1482 538 1569 phicas
562 1481 711 1565 conspici,
734 1500 815 1564 quae
836 1489 943 1543 tamen
964 1481 998 1543 in
1020 1479 1088 1544 aliis
1103 1479 1191 1559 locis,
1213 1504 1315 1568 aeque
1336 1483 1385 1545 lu-

429 1594 512 1660 mine
536 1589 690 1655 destinatis
697 1639 706 1669 ,
736 1589 841 1676 qualia
863 1601 935 1655 sunt
956 1592 1112 1676 hypogea,
1135 1575 1385 1678 frequenterin-

428 1706 613 1791 veniuntur;
636 1704 708 1780 tria,
731 1723 813 1788 quae
835 1701 981 1780 diximus,
1005 1701 1167 1768 conclavia
1188 1707 1221 1766 in
1248 1706 1384 1768 animum

428 1825 581 1882 revocant
608 1812 806 1900 pyramidum
836 1814 1013 1894 cuniculos,
1040 1812 1227 1901 parimodo
1248 1813 1384 1903 pxdvere

430 1939 462 1994 et
484 1928 614 2012 fuligine
636 1925 801 2003 sordidos,
824 1932 973 2013 omnique
996 1937 1181 1993 ornamento
1205 1926 1381 1993 destitutos.

428 2039 544 2106 Totam
566 2033 652 2096 illam
673 2033 782 2116 templi
803 2045 924 2117 partem
946 2032 1144 2098 sacerdotum
1172 2046 1289 2100 tantum
1311 2042 1384 2104 usui

427 2147 581 2232 patuisse,
603 2141 668 2207 loci
690 2153 800 2206 natura
823 2141 927 2208 docet.

493 2247 661 2342 Ejusmodi
682 2247 849 2334 recessum,
872 2257 960 2341 cujus
984 2265 1015 2319 et
1036 2257 1069 2321 in
1085 2255 1153 2321 aliis
1171 2255 1295 2343 templis
1311 2279 1382 2326 non

427 2368 543 2435 desunt
572 2366 728 2452 exempla,
757 2369 784 2432 si
805 2366 919 2432 sedulo
943 2365 1205 2447 consideraveris,
1220 2347 1300 2436 'non
1321 2394 1382 2458 po-

425 2483 500 2546 teris
527 2501 595 2545 non
626 2476 762 2544 aedificii
789 2477 995 2546 subtilitatem
1012 2481 1130 2556 mirari3
1158 2483 1225 2546 sive
1248 2495 1380 2571 aparte

427 2596 591 2671 exteriore,
613 2594 680 2658 sive
703 2587 743 2656 ab
765 2593 915 2657 interiore
937 2593 1087 2679 templum
1110 2595 1279 2674 examinas,
1303 2617 1380 2661 con-

426 2706 528 2772 clavia
563 2726 632 2770 non
669 2702 911 2781 animadvertam
946 2705 1000 2770 vel
1031 2708 1065 2771 in
1099 2703 1311 2791 descriptione
1342 2710 1378 2772 in

406 2801 409 2810 ’
426 2820 507 2882 areis
527 2819 658 2881 maxima
681 2837 762 2902 opus
785 2826 832 2881 est
854 2815 1022 2904 diligentia,
1043 2838 1109 2905 quo
1130 2839 1252 2882 munna
1265 2817 1378 2888 ¹oriens

424 2927 520 2993 talem
541 2926 651 3015 paullo
675 2931 859 3006 crassiorem
882 2952 952 2995 esse
975 2952 1067 3017 quam
1088 2929 1314 2995 occidentalem
1328 2932 1377 2994 in-

423 3039 555 3126 telligas.
606 3040 645 3103 ln
671 3038 779 3105 tabula
807 3017 918 3128 gallica
944 3045 1025 3107 mmi
1053 3031 1226 3110 crassitudo
1253 3041 1298 3107 tbi
1324 3064 1377 3108 ea·
1463 3065 1464 3072 ¹

423 3150 497 3218 dem
520 3151 582 3230 est',
611 3173 693 3240 quae
714 3154 748 3218 in
769 3153 899 3240 reliquis
920 3153 1075 3242 partibus,
1104 3155 1194 3242 quod
1215 3175 1255 3220 eo
1277 3158 1375 3242 magis
1463 3205 1464 3208 ,

421 3265 583 3341 miramur,
613 3286 683 3330 cum
707 3267 741 3330 in
762 3258 902 3334 secunda
923 3265 996 3334 libri
1024 3265 1163 3334 editione
1184 3264 1221 3350 l⁵)
1249 3261 1378 3333 concla-
1450 3294 1454 3302 ⁴

421 3377 507 3440 vium
528 3377 647 3441 mentio
669 3375 752 3442 facta
773 3381 814 3444 sit
834 3376 901 3462 fl).
994 3411 996 3416 ·

1284 3466 1375 3536 Con-

455 3597 480 3669 ‘)
497 3595 559 3674 Pag.
577 3603 621 3658 21.
642 3603 706 3663 edit.
722 3581 900 3664 tinctorem.
1462 3633 1463 3646 ¹

439 3693 490 3766 ’”)
515 3693 609 3773 Neque
626 3695 679 3756 hoc
695 3697 762 3774 tagit
777 3697 957 3770 Letronnium,
975 3701 1020 3776 qui
1037 3709 1109 3757 recte
1127 3701 1282 3776 observavit,
1299 3705 1373 3783 adyti
1462 3759 1463 3768 ,

489 3799 581 3841 muros
604 3801 658 3841 non
679 3783 811 3862 parallelis
831 3785 909 3859 lineis
925 3777 1073 3845 excunctos
1090 3807 1156 3847 ease.
1196 3791 1305 3852 Joumnl
1320 3794 1372 3854 dea

488 3865 590 3926 &vam
610 3871 687 3927 1818.
704 3889 763 3949 pag,
780 3874 841 3930 304.
1462 3863 1463 3874 ¹
