3002 4544
1048 319 1098 394 95

150 500 273 565 Νεῖλον
295 499 351 564 καὶ
373 493 603 585 κατοιρῥοίκτας
624 498 680 562 καὶ
702 497 823 582 λίμνην
846 495 1027 560 Μοιῶτιν.“
1064 497 1097 560 Si
1145 506 1219 563 Pras
1238 505 1271 564 ΙΙ,

149 611 250 676 lacum
273 613 417 677 Maeotin
441 620 472 676 et
489 609 560 674 'Nili
582 620 751 674 cataractas
775 609 885 674 eadem
908 609 991 674 coeli
1005 608 1098 696 plaga

149 727 323 802 constituit,
360 706 472 789 Suidas
503 723 543 788 ad
570 733 706 787 mentem
734 733 874 786 veterum
904 721 1099 810 geographo-

147 859 230 914 rum,
259 847 371 900 ter'ram
400 835 616 922 multomagis
644 838 677 899 in
702 832 927 921 longitudinem
951 849 1044 923 quam
1066 837 1098 898 in

148 947 342 1012 latitudinem
363 959 540 1038 porrectam
564 969 647 1025 esse,
673 951 831 1012 existimat.
868 947 957 1011 Duas
979 957 1099 1011 tantum

143 1060 255 1148 “plagas
278 1043 513 1137 commemorat,
544 1062 697 1124 orientem
722 1062 757 1129 ,et
784 1051 993 1137 occidentem,
1024 1057 1100 1124 alte-

147 1193 214 1238 ram
242 1176 333 1240 terris
363 1192 443 1259 quas
467 1171 566 1236 modo
593 1149 723 1236 diximus
746 1171 942 1251 conclusam,
972 1171 1100 1236 alteram

150 1283 284 1351 Oceano
313 1287 383 1372 ipso
407 1287 608 1350 terminatam.
635 1267 778 1370 'Neque
805 1283 939 1348 alienum
967 1283 1100 1360 videtur,
1141 1288 1280 1358 inceptor.

150 1396 199 1461 ul.
222 1398 357 1484 Josephi
374 1399 588 1462 'testimonium
609 1396 651 1460 de
668 1397 812 1482 Aegypti
837 1394 955 1460 finibus
978 1395 1100 1472 aliems,

149 1508 245 1574 Bello
267 1507 342 1572 Jud.
365 1509 422 1584 IV,
446 1509 497 1570 lo.
527 1504 714 1590 »Αἴγυπτος
741 1541 784 1556 -
812 1500 897 1571 κατὰ
920 1507 954 1570 δὲ
975 1524 1102 1589 μεσημ-

149 1601 250 1708 βρῖυν
269 1612 333 1698 τὴν
354 1616 563 1705 διορίζουσαν
588 1609 655 1680 ἀπὸ
677 1611 858 1682 Αἰθιόπων
879 1610 940 1697 τὴν
952 1611 1102 1696 ’Συήνην

150 1735 206 1796 uoti
240 1723 318 1806 τους·
351 1723 520 1804 ἀπλώτους
555 1728 615 1792 τοῦ
641 1729 793 1813 ποταμοῦ
818 1713 1030 1815 ’νυτοιροίκτυς
1058 1763 1101 1775 -

150 1841 241 1926 8233ss
1140 1837 1283 1890 Aristides.

123 2029 127 2038 ,
182 1968 188 1982 ‘
218 1952 348 2029 Omnes,
372 1965 454 2038 quos
476 1969 623 2035 supremo
647 1951 721 2017 Ioco
745 1949 947 2030 laudavimus,
970 1956 1103 2038 scripto·
1219 2023 1223 2032 ,

149 2083 201 2127 res
223 2061 360 2126 aliorum*
384 2064 595 2127 narrationem
617 2060 659 2124 dc
682 2065 822 2149 Aegypti
844 2064 990 2130 confiniis
1011 2087 1104 2158 repe:

149 2186 233 2254 tunt,
258 2177 376 2261 primus
407 2183 525 2252 autem,
549 2173 603 2259 qui
624 2185 699 2259 post
720 2173 909 2268 Strabonem
937 2170 1102 2256 αὐτόπτης

150 2290 296 2373 regiones
324 2284 394 2350 Illas
424 2283 602 2370 descripsit,
630 2287 783 2352 Aristides
813 2287 1103 2369 es'trhetor'(129.

152 2401 266 2464 -189
273 2421 319 2490 p.
337 2396 395 2484 ch,
411 2399 458 2476 n.)
480 2401 513 2461 In
529 2400 675 2462 oratIone
688 2394 832 2464 XLVIII.
848 2402 1043 2486 aegyptiaca
1056 2397 1100 2482 *).

152 2510 217 2595 Qui
246 2531 315 2573 curn
343 2507 385 2572 de
414 2531 450 2577 se
476 2512 547 2594 ipso
576 2510 671 2573 haud'
689 2532 790 2597 pauca
819 2507 916 2590 dicat,
951 2505 1101 2576 orationis

150 2625 240 2688 initio
261 2623 363 2706 jactat,
385 2638 420 2684 se
441 2621 620 2706 Aegyptum
642 2633 753 2708 qnater
774 2639 956 2710 peragrasse
979 2635 1112 2688 omnes-'

90 2715 94 2726 ⁵
150 2755 214 2820 que
248 2743 408 2820 mensuras
442 2731 582 2796 nondum
615 2731 704 2796 libris
732 2736 942 2820 consIgnatas·
958 2713 1101 2801 accurate

151 2869 170 2911 a
201 2843 422 2925 ‘sacerdotibus
460 2843 640 2928 collegisse,
679 2828 756 2931 quas
795 2857 907 2932 postea
938 2867 1102 2916 servorum

95 2937 97 2944 ⁵
148 2959 270 3024 incuria
308 2960 454 3022 artiserit.
513 2957 594 3020 Tum
634 2968 701 3022 tota
742 2963 887 3026 oratione
925 2960 1002 3025 nihiI
1033 2957 1101 3026 lere

152 3069 237 3133 allud
259 3071 384 3147 tractat,
406 3071 468 3134 nisi
487 3069 621 3134 fluminis
643 3041 840 3135 naturam⁰et
860 3063 1017 3150 indolem,
1039 3073 1103 3138 He-

150 3180 274 3259 rodoti,
308 3181 443 3266 Fplrori,
482 3182 614 3254 aliorum
650 3183 818 3287 opinionigs
853 3181 975 3270 prolixe
1009 3185 1124 3249 refer-r

147 3293 236 3370 'lens;
253 3321 297 3341 ·—
320 3292 362 3358 de
382 3293 558 3359 incolamm
574 3293 728 3374 moribus,
751 3295 792 3360 de
814 3287 950 3372 historia,
974 3295 1013 3360 de
1038 3319 1103 3364 mo-

150 3409 321 3484 numentis,
355 3405 396 3471 de
429 3405 525 3472 rebus
560 3409 789 3494 geographicis,
823 3419 950 3495 practer
980 3406 1103 3474 urqum

150 3517 373 3606 nonnullarum
417 3521 608 3585 mentionem
651 3542 753 3622 pguca
794 3521 886 3585 affert
928 3534 1103 3589 memoratu

151 3629 253 3742 digna.
307 3631 360 3696 De
388 3632 528 3718 Aegypti
555 3631 672 3698 finIbus
699 3632 876 3702 meridianis
911 3632 1102 3712 fructuosam

151 3786 352 3802 m

186 3872 217 3944 ⁴⁵)
231 3875 259 3932 in
276 3873 413 3933 Diodorfii
430 3873 492 3934 edit.
510 3875 543 3945 ll,
560 3895 588 3954 p.
606 3879 659 3935 4³7
675 3896 734 3956 sqq.
