3002 4544
203 469 278 529 Pons
296 471 328 531 ll.

377 264 425 358 76'

376 459 538 547 proprium
565 445 715 525 mutatam
741 468 801 540 est,
830 459 919 546 cujus
941 459 987 524 rei
1009 459 1248 524 testimoninm'
1239 479 1326 523 mvc-
1438 461 1439 466 ’

375 574 477 636 nimus
507 571 592 665 apnd
613 571 792 638 Diodorum
814 569 951 636 Siculum
981 572 1024 654 (Ι,
1052 573 1120 654 22).
1170 572 1231 635 llic
1259 573 1327 662 qni-

376 682 448 748 dem
470 683 603 751 insulam
624 705 691 750 non
713 686 854 749 nominat
868 682 920 766 l*),
942 683 999 749 sed
1020 683 1054 750 id
1076 695 1193 748 tantum
1215 681 1324 747 habet:

376 788 432 860 διὰ
460 789 584 875 ταύτην
612 795 647 859 δὲ
676 818 738 876 την
766 798 878 861 αἰτίαν
902 797 962 861 καὶ
988 788 1050 876 ’την
1075 796 1181 875 νῆσον
1201 789 1325 874 ταύτην

376 899 536 990 ἄβατον
559 901 641 972 εἶναι
661 901 748 988 πλὴν
769 915 839 985 τοῖς
860 908 994 996 ἱερεῦσι,
1022 908 1079 972 καὶ
1099 900 1227 982 πάντας
1247 898 1331 1002 τοί>ςο

375 1011 438 1096 τὴν
462 1017 616 1102 Θηβαΐδα
637 1020 871 1102 κατοικοῦντας
893 1057 936 1068 -
957 1022 1112 1104 μέγιστον
1134 1012 1233 1106 ὅρκον
1255 1019 1324 1103 upt-

375 1151 458 1210 νειν,
490 1124 573 1195 ὅταν
599 1135 649 1208 aa
670 1124 730 1198 τὸν
745 1125 872 1215 Ὄσιριν
893 1125 953 1198 τὸν
975 1136 1010 1196 ἐν
1035 1121 1155 1207 Φίλαις
1176 1130 1325 1214 κείμενον

332 1284 339 1296 s
377 1235 491 1332 ὀμόσῃ.
529 1242 623 1308 Haud
645 1265 737 1310 secus
759 1244 845 1331 apud
865 1244 1064 1310 Plutarchum
1086 1241 1108 1308 l.
1123 1242 1144 1307 l.
1168 1234 1325 1326 ἄβατον

196 1497 333 1554 Diodorus

203 1569 321 1626 Siculus.

374 1353 430 1420 καὶ
441 1349 712 1441 ἄπροςπέλασιον
722 1357 844 1444 legitur.
861 1358 899 1422 cf.
911 1358 1116 1421 Letronnium
1127 1379 1158 1442 p.
1171 1355 1236 1419 305
1247 1345 1315 1434 ⁴¹³)ss
1388 1362 1392 1370 “

453 1455 651 1534 ι(Σοιιιῐίιιιῑίι
682 1471 745 1558 jam
777 1453 852 1535 loco
881 1491 940 1534 suc
969 1469 1067 1534 Philis
1099 1478 1130 1532 et
1157 1465 1263 1532 Abato
1291 1467 1326 1529 in

374 1575 563 1644 definiendis
585 1582 724 1668 Aegypti
744 1579 862 1664 fipibus
884 1581 1070 1658 meridianis,
1092 1578 1255 1646 Diodorus
1278 1577 1326 1641 Si-

374 1679 464 1755 culus
487 1689 651 1758 adeundus
674 1704 730 1773 est,
752 1697 807 1780 qui
829 1692 888 1758 sub
909 1692 1007 1758 finam
1028 1691 1145 1758 Graeci
1164 1692 1197 1754 in
1218 1691 1326 1774 Aegy·
1361 1751 1363 1756 .

374 1811 431 1889 pto
453 1800 583 1891 imperii,
608 1816 758 1892 regnante
780 1806 967 1873 Ptolemaeo
988 1805 1063 1869 Neo
1085 1803 1235 1887 Dionyso
1258 1798 1325 1881 (val

373 1914 513 1998 Aulete),
535 1916 734 1983 Pharaonnm
756 1901 871 1982 terram
893 1916 977 1997 adiit,
999 1911 1324 2003 Olymp.180(anno
1442 1911 1446 1919 “

249 2055 254 2073 ·
373 2027 427 2089 till.
462 2049 489 2090 a.
526 2026 586 2091 Ch
621 2031 674 2108 n)
708 2025 796 2104 m.)
857 2027 963 2089 Primo
995 2025 1208 2088 bibliothecae
1241 2022 1324 2088 libro

373 2135 505 2228 priscam
525 2133 666 2219 Aegypti
686 2136 846 2198 historiam
871 2133 985 2198 diffuse
1006 2145 1126 2213 tractat,
1149 2134 1325 2238 divinitates

342 2331 347 2342 Ι
371 2245 584 2330 Aegyptiacae
607 2267 676 2309 cunr
692 2223 824 2311 Graecis
846 2247 955 2311 mixtas
977 2229 1073 2333 longa
1094 2269 1176 2312 sene
1199 2269 1326 2316 enume-

371 2366 428 2434 rat,
452 2356 493 2421 de
510 2366 618 2421 terrae
640 2369 672 2423 et
678 2349 868 2422 incolarum
890 2369 1002 2425 natura
1024 2359 1122 2425 multa
1138 2377 1217 2424 sanc
1233 2358 1325 2428 affert

371 2480 547 2536 memoratu
581 2469 689 2556 digna,
723 2468 781 2536 sed
814 2474 848 2536 in
878 2469 1024 2537 omnibus
1058 2471 1154 2537 arteni
1187 2476 1324 2538 criticam

373 2592 405 2648 et
425 2580 581 2672 judicium*
596 2579 818 2665 desideramus
842 2583 956 2671 quibus
978 2581 1081 2671 pollet
1101 2585 1249 2650 historiae
1270 2609 1324 2672 pa-

407 2881 423 2914 ὕ

423 2884 435 2952 )
442 2883 571 3026 mitti:
582 2879 1259 3056 itailitiistitittii‘ltttg'ttt
1273 2902 1323 3024 hi

443 3055 512 3113 nulla
530 3055 579 3112 alia
596 3057 737 3112 auctoritas
755 3055 863 3113 accedit

379 3142 449 3214 Μ)
478 3141 664 3220 Champollion
685 3145 772 3200 minor
793 3146 869 3221 epist
891 3141 975 3200 Xl.'
967 3164 995 3200 m
1016 3141 1099 3200 insnh
1120 3140 1240 3218 Bageh
1232 3143 1322 3200 inscri-

441 3232 547 3308 ptiones
559 3229 768 3308 hieroglyphicas
779 3229 851 3306 legit,
868 3231 962 3307 quihus
973 3231 1114 3298 constaret,
1126 3229 1193 3286 hanc
1203 3228 1322 3296 insulam,

443 3320 485 3374 cui
502 3337 599 3374 nomen
615 3337 718 3374 sacrum
736 3315 833 3388 Spem
847 3317 965 3394 inditum
983 3325 1067 3384 esset,
1089 3315 1168 3394 longe
1186 3325 1246 3372 ante
1263 3309 1323 3372 Phi·

442 3401 481 3459 las
500 3401 613 3482 'pompis
641 3402 811 3473 celebratam,
837 3403 1016 3481 templumque
1041 3423 1111 3460 nunc
1137 3404 1219 3460 ruinis
1245 3401 1323 3459 colla·

443 3509 522 3568 psum
548 3490 581 3546 ab
596 3489 752 3572 Amenophi
774 3490 806 3547 ll.
828 3489 944 3548 Anubidi
971 3500 999 3546 et
1024 3489 1100 3546 Deae
1126 3489 1228 3548 llathor
1254 3490 1322 3547 ‹lica-

443 3585 499 3633 tum
516 3575 603 3634 luisse.

406 3665 452 3736 m)
470 3663 490 3732 l,
508 3683 534 3740 p.
553 3667 597 3732 53,
615 3667 658 3721 85.
689 3662 719 3720 ln
731 3663 764 3720 Η.
777 3660 904 3739 Stephani
921 3671 1033 3720 tractatu
1050 3661 1084 3720 tle
1101 3661 1223 3720 Diodoro
1236 3661 1322 3742 pogl,

406 3752 407 3758 ’
440 3747 591 3827 qnem'We
646 3751 730 3823 irgine
748 3748 924 3806 recudendum
942 3751 1057 3818 curavit,
1080 3745 1259 3826 nonagesima
1277 3749 1322 3807 01.

440 3856 490 3915 per
507 3855 582 3893 error
621 3906 623 3910 Ι
641 3835 683 3891 bic
700 3833 796 3894 litteris
812 3837 988 3915 perscriptum
1005 3854 1056 3916 pro
1074 3838 1259 3913 octogesima.
