3002 4544
425 311 476 388 θ’]

262 502 338 562 Pana
356 501 375 562 Ι.
427 487 580 576 adspectu
613 487 701 574 quasi
736 481 888 574 reliquiae
921 495 1043 552 statuae
1084 484 1239 564 scientim
1284 508 1374 552 accu-

427 603 524 668 ratius
552 597 750 686 indagantem
777 618 844 663 non
873 596 964 684 fugit,
992 599 1040 664 hie
1068 601 1149 664 saxis
1170 601 1204 664 in
1224 600 1285 662 ima
1307 609 1375 664 tan-

426 723 491 782 tum
513 721 603 800 parte
626 710 747 776 caelum
769 708 928 777 admotum
950 731 1035 789 esse,
1065 733 1128 800 qua
1153 709 1272 800 figurae
1295 731 1375 782 non-

426 823 548 903 nullae,
585 821 709 910 adjecta
737 825 888 909 scriptum
917 822 1171 910 hieroglyphica,
1198 822 1374 910 insculptae
1408 898 1412 914 k

426 947 508 1004 sumt.
554 935 588 1002 si
609 935 729 1000 Eurum
750 956 860 1000 versus
882 925 1000 1000 oeuloa
1019 937 1202 1024 conjeceris,
1222 938 1375 1001 montium

426 1047 568 1126 umbras,
594 1045 665 1111 sole
685 1046 728 1136 pd
750 1067 896 1114 occasum
916 1056 1081 1134 vergente,
1108 1047 1267 1115 violaceas
1288 1045 1375 1111 vide

425 1159 492 1239 bis,
519 1157 687 1225 Meridiem
715 1180 843 1240 versus,
873 1156 929 1224 ubi
955 1158 1049 1226 Nilus
1075 1162 1159 1238 inter
1185 1161 1375 1245 Aethiopiae

425 1283 548 1340 montes
584 1281 765 1360 promanat,
799 1271 959 1336 cacumina
988 1275 1092 1339 omnia
1119 1271 1220 1338 litoris
1248 1270 1376 1340 Asabiei

426 1383 635 1473 pulcherrimo
670 1403 831 1472 purpuneo
867 1380 978 1453 colore
1008 1381 1128 1454 imbuta
1155 1395 1236 1450 sunt.
1295 1383 1375 1448 Tam

424 1496 525 1564 breve
547 1507 651 1563 autem
674 1505 722 1562 est
742 1497 825 1560 inter
847 1492 930 1559 diem
951 1505 985 1594 et
1006 1505 1133 1564 noctem
1147 1493 1375 1582 crepusculum,

425 1619 475 1688 ut,
509 1612 536 1674 si
567 1595 619 1674 via
651 1608 750 1673 horae
779 1605 938 1684 dimidium
966 1616 1041 1692 post
1067 1607 1145 1680 solis
1171 1629 1317 1675 oceasum
1342 1608 1376 1672 in

424 1743 546 1797 summo
573 1719 697 1807 pylone
724 1720 925 1796 remanseris,
953 1720 987 1782 in
1009 1717 1093 1783 coeli
1113 1716 1205 1806 plaga
1228 1716 1376 1783 occiden-

425 1832 481 1902 tali
508 1831 632 1906 stellam
653 1830 816 1920 Acharnai
844 1831 1035 1916 conspicias,
1061 1832 1096 1899 iu
1125 1829 1271 1896 otientali
1292 1830 1377 1912 Leo-

424 1947 473 2012 nis
495 1948 625 2032 signum,
647 1945 680 2006 in
702 1941 831 2010 australi
853 1941 1022 2030 Canopum
1044 1941 1169 2030 aliaque
1189 1940 1301 2022 sidera,
1322 1941 1378 2024 he-

424 2057 612 2142 misphaerio
631 2049 760 2131 ,boreali
779 2069 848 2116 non
869 2052 944 2120 visa.
