3002 4544
1077 259 1126 355 73'

151 459 154 463 ’
179 457 219 525 de
242 478 304 550 qua
325 457 446 524 nullum
469 455 597 523 dubium
618 437 694 524 oriri
716 466 837 544 potest,
850 445 928 522 'cum
950 466 999 522 tot
1019 436 1127 522 inscri-
1172 467 1248 526 Pras
1265 464 1296 526 u.

154 574 304 660 'ptionea
325 573 487 636 veritatem
511 571 659 646 doceant;
682 605 728 618 -
750 567 847 634 altera
868 572 901 634 in
922 567 1127 648 occidentem,

177 683 337 748 Abaton
357 682 450 748 nobis
472 683 597 748 videtur
620 704 689 747 esse
711 681 821 761 insula,
844 703 937 767 quam
958 679 1055 746 bodie
1068 703 1127 746 no·

177 773 260 860 minii
275 797 407 883 Bageb
421 791 594 881 designant
615 794 748 873 incolae,
772 814 862 880 quac,
884 791 989 858 Philas
1012 795 1127 880 magni-

178 905 286 972 tudine
307 909 437 974 ¹multum
459 928 625 994 superans,
653 905 782 994 rupibus
804 905 874 970 altis
898 907 930 970 e't
950 904 1127 992 praeruptio

177 1019 221 1082 ita
241 1030 289 1108 est
309 1021 445 1106 repleta,
474 1030 508 1084 ut
530 1040 705 1106 cognomen
727 1011 772 1082 τὰ
789 1011 918 1102 ’ἄβατον
939 1013 1058 1082 merito
1072 1017 1126 1082 ha-

176 1127 264 1195 beat.¹
312 1131 438 1219 Templi
464 1131 517 1196 vel
546 1131 653 1196 sacelli
680 1133 811 1216 vestigia
837 1133 870 1194 in
891 1133 958 1216 ripa
982 1129 1128 1196 orientali

177 1243 392 1323 inveniuntur,
414 1239 578 1309 colunnrae
599 1243 774 1310 nonnullae
798 1253 829 1308 et
844 1230 910 1306 'alia
933 1264 1015 1328 quae
1030 1249 1127 1328 su'pra

177 1345 415 1420 memoravimus
437 1356 559 1448 nidera.
597 1357 699 1434 Petra,
722 1354 761 1420 ad
785 1333 883 1419 sellae
904 1357 1041 1439 speciem
1063 1351 1128 1418 for-

178 1476 273 1544 mata,
302 1489 396 1552 quam
424 1467 476 1531 alii
497 1465 532 1548 *)
560 1467 688 1532 Abaton
717 1488 787 1530 esse
808 1464 992 1543 voluerunt,
1020 1485 1128 1529 nona

178 1577 274 1642 Philia
303 1581 338 1642 in
359 1579 478 1642 Eurum
506 1581 609 1663 posita
640 1589 702 1656 cst,
732 1576 789 1641 'sed
810 1579 843 1641 in
864 1575 958 1641 litore
980 1574 1128 1656 Arabico,

178 1693 425 1775 septentrionem
446 1711 565 1768 versus,
586 1687 708 1755 nullum¹
729 1689 837 1777 templi
858 1669 911 1752 vel
924 1687 1003 1754 aliua
1018 1711 1128 1755 monu-

178 1804 276 1864 menti
302 1803 465 1886 vestigium
494 1779 674 1866 ostendens.
725 1799 837 1886 Ibique
858 1801 1129 1887 nunquam'sacrn

179 1910 285 1976 habita
314 1933 398 1990 esse,
431 1922 579 1978 eternae
609 1922 781 1998 conspectu
808 1922 903 1998 patet.
961 1913 1129 1979 Praeterea

179 2033 281 2086 auten]
304 2025 491 2108 scriptorum
514 2025 696 2088 testimoniis
718 2022 880 2108 probatur,
902 2021 1031 2089 Abaton
1044 2027 1129 2090 insuss
1151 2093 1157 2108 ,

179 2132 240 2196 lam
262 2155 340 2214 esse,
362 2154 429 2199 non
452 2144 571 2219 petram
592 2136 625 2198 in
646 2137 715 2220 ripa
732 2134 807 2198 Nili.
852 2135 900 2199 lta
921 2107 1060 2204 Diodori
1082 2138 1129 2202 si-

178 2245 241 2309 culi
273 2245 363 2312 locus
396 2248 426 2324 Ι,
460 2247 514 2312 22-
537 2245 630 2316 facile
664 2245 849 2332 explicatur,
882 2246 943 2312 ubi·
970 2249 1128 2316 Philetum

178 2361 276 2444 prima
306 2369 354 2422 est
380 2360 513 2424 mentio:
543 2359 622 2422 ἔνιοι
651 2341 818 2448 &iocoue
846 2355 905 2422 οὐκ
933 2363 969 2424 ἐν
992 2361 1131 2451 Μέμφει

178 2470 316 2534 κεῖσθαι
328 2463 523 2554 τὰσώματα
537 2463 662 2534 τούτων
682 2469 748 2534 τῶν
768 2470 872 2549 θεῶν,
895 2467 962 2535 ἀλλ’
975 2472 1042 2537 ιἐπὶ
1063 2471 1129 2538 τῶν

180 2577 267 2668 ὁρῶν
293 2582 353 2662 τῆς
375 2578 565 2658 Αἰθιοπίας
579 2565 645 2645 ‘nat
666 2576 934 2674 cclthiyrlmov,
950 2571 1045 2646 'aare
1067 2575 1130 2662 τὴν
1243 2593 1245 2596 ’

179 2697 215 2758 ἐν
236 2694 283 2775 τῷ
305 2695 414 2776 Νείλῳ
436 2693 548 2773 νῆσον,
570 2697 720 2778 κειμένην
741 2694 801 2777 μὲν
822 2686 906 2780 πρὸς
921 2699 995 2769 ταῖς
1009 2693 1129 2788 καίομ-

178 2808 293 2889 necata
318 2793 437 2882 Φίλαις
453 2799 519 2888 ΙΜ’),
540 2806 679 2890 ἔχουσαν
702 2804 736 2870 δὲ
749 2787 974 2894 προςημορίαν
988 2799 1055 2870 ἀπὸ
1070 2807 1130 2897 τοῦ

113 2941 116 2946 ·
180 2912 424 3013 συμβεβηκότος
438 2918 528 3006 ίεροῦ
548 2917 676 2982 πεδίου.
695 2953 737 2964 -
759 2917 866 2983 Insula
882 2931 933 2984 'ex
955 2903 1127 2988 adverae

181 3032 379 3096 Philarum
407 3033 485 3096 sita
506 3027 595 3094 nulla
617 3029 678 3094 alia
700 3053 769 3094 esse
790 3041 905 3116 potest,
928 3053 1021 3117 quarn
1044 3029 1141 3096 aba-1

180 3156 245 3223 ton,
269 3146 323 3207 cui·
332 3141 497 3208 Diodorus
520 3141 560 3207 ab
577 3153 693 3207 eventu
709 3144 810 3228 campi
824 3145 910 3206 sacri
918 3162 1037 3207 nomen
1049 3141 1129 3206 indi-

235 3241 237 3245 ,
691 3245 705 3274 ·
961 3237 964 3244 .

178 3304 378 3324 ffl

213 3406 241 3477 ⁴¹)
259 3403 399 3464 Letronne‘
411 3406 566 3465 recherclres
583 3428 609 3485 p.
627 3409 689 3464 305.
752 3485 753 3488 Ἴ
1055 3473 1057 3478 A

147 3503 150 3506 '
213 3492 255 3564 ll)
274 3491 304 3548 In
321 3491 444 3569 ponendo
462 3504 582 3552 accentu:
600 3499 686 3561 Φίίμι,
704 3487 794 3559 caba,
813 3497 906 3556 Φίλαις
918 3500 967 3547 etc.
985 3493 1070 3548 aecuti
1084 3513 1134 3560 aru-s

248 3599 307 3636 mua
324 3580 544 3639 substantivorum
565 3585 665 3662 primae
684 3579 865 3638 declinationis
880 3578 997 3655 „regulam
1020 3587 1048 3635 et
1064 3578 1129 3645 Dic,

248 3664 340 3723 dorum
359 3685 392 3725 cx
409 3667 451 3726 ed.
469 3669 656 3744 Weaaelingii3¹
670 3669 772 3726 diversa
791 3667 857 3722 ratio
875 3677 917 3723 est
933 3664 1003 3744 apud
1020 3665 1129 3724 Strabo·

248 3772 309 3809 nem
327 3752 388 3810 edic
406 3754 585 3813 Almeloveeni
602 3754 693 3824 XVII,
710 3775 738 3833 p.
756 3757 835 3822 1173,
852 3754 897 3810 ubi
914 3753 1006 3820 Φιλιίς,
1026 3761 1054 3811 et
1070 3752 1129 3812 Ari-

248 3839 344 3898 stidem
362 3839 403 3899 ed„
422 3843 541 3902 Dindotf
553 3842 630 3921 tl,·p.
649 3845 716 3911 437,
734 3841 779 3901 ubi
790 3847 876 3900 Φίλων
893 3839 998 3917 legitur.
