3002 4544
1099 321 1121 394 7

172 515 238 559 rem
268 492 437 558 clarissimo
462 493 605 580 exemplo
635 505 697 558 tres
720 495 859 579 Aegypti
887 491 982 558 urbes
1010 498 1122 580 prima·
1177 507 1252 568 Plus
1270 508 1288 566 1.

172 610 237 671 riae
259 617 345 684 sunt;
368 606 566 686 Alexandria,
588 610 620 670 in
643 609 743 670 maris
758 627 814 670 ora
830 609 942 691 posita,
964 610 1122 672 recentior

174 730 221 784 est
248 719 316 796 Sui,
345 718 413 783 Sais
436 718 592 804 Memphi;
620 719 795 836 plemphim
823 722 855 782 in
884 740 1003 786 sunuuo
1026 718 1123 784 Delta

154 831 307 910 'condita
331 829 483 895 aThehis
506 842 607 896 aetate
630 843 794 919 superatur
808 829 851 912 l⁶).
889 833 931 896 Et
953 830 1009 896 ubi
1028 833 1124 896 histo

173 947 218 1008 ria
240 942 434 1022 obmutescit,
456 955 658 1008 monumenta
680 942 862 1030 loquuntur.
900 942 1025 1008 Nubiae
1042 946 1123 1008 enim

173 1056 289 1142 templu
311 1053 515 1121 subterranea
537 1059 708 1122 vetustiora
731 1080 800 1122 esse
823 1056 967 1124 omnihus
985 1057 1124 1141 Aegypti

109 1161 112 1170 ’
173 1168 337 1246 aedificiis,
365 1179 439 1254 post
465 1172 649 1234 novissimas
678 1169 910 1257 disquisitiones
939 1166 1124 1234 indubium

171 1285 280 1346 vocari
300 1284 411 1366 nequit
424 1279 487 1361 lt³¹⁵).
527 1283 564 1345 ln
587 1281 773 1368 templorum
795 1285 856 1346 situ
870 1284 1038 1367 Aethiopia
1054 1301 1123 1344 cum

171 1393 320 1478 Aegypto
342 1397 419 1457 mire
442 1398 606 1473 consentit,
628 1395 670 1458 ad
691 1417 786 1458 unum
806 1398 887 1460 enim
902 1397 1008 1458 omnia
1021 1413 1122 1477 prope

172 1506 301 1568 fluvium
325 1515 479 1568 exstructa
501 1516 582 1582 sunt,
605 1527 667 1591 qna
688 1528 724 1570 re
747 1509 819 1569 satis
840 1509 1006 1591 perspicue
1030 1524 1124 1588 appa-

174 1626 236 1694 ret,
265 1615 331 1678 Nili
359 1621 482 1680 cursum
511 1615 635 1703 templis
666 1628 697 1680 et
725 1615 855 1680 urbibus
883 1615 955 1680 loca
983 1614 1123 1692 dedisse,

59 1751 63 1760 ’
171 1748 308 1812 eumque
335 1728 614 1802 commodissimam
640 1713 722 1792 ¹viam
749 1728 859 1806 fuisse,
888 1749 950 1813 qua
978 1726 1124 1791 coloniae

175 1838 420 1914 deducerentur,
451 1839 654 1921 singulaeque
682 1839 777 1908 urbes
801 1849 833 1901 et
855 1837 972 1922 oppidu
995 1839 1125 1921 conjun-

174 1951 280 2011 ctione
300 1949 383 2010 inter
403 1969 438 2010 se
461 1957 650 2014 tenerentur.
702 1950 732 2010 A
754 1946 883 2010 meridie
904 1947 1045 2012 secundo
1068 1947 1125 2010 flu-

174 2061 257 2122 mine
280 2057 417 2122 advectis
435 2059 622 2143 Aethiopiae
646 2058 777 2135 colonis,
800 2059 908 2122 Philae
931 2058 1032 2122 insula
1054 2057 1126 2122 ulti-

172 2193 240 2236 mus
269 2173 418 2235 terminus
453 2175 533 2247 etat,
569 2192 662 2255 quem
696 2171 788 2234 facile
816 2173 943 2255 navigiis
973 2173 1124 2256 attingere

174 2293 329 2369 poterant.
367 2282 397 2345 A
419 2271 573 2346 cataracta
594 2282 854 2347 Wadi-Hellensi
874 2304 975 2368 usque
998 2282 1039 2346 ed
1053 2283 1124 2346 Phi-

174 2395 221 2460 las
243 2396 364 2460 nullum
385 2395 559 2481 periculum
580 2393 717 2482 setheum
732 2397 913 2480 navigantes
935 2398 968 2458 in
983 2416 1124 2479 aequore

174 2507 298 2594 placide
322 2525 486 2592 expanso3'
498 2506 614 2570 relictis
637 2517 739 2570 autem
755 2508 850 2572 Philis
871 2509 984 2584 fluvius
999 2518 1124 2584 rectam,

176 2643 269 2706 quam
292 2629 434 2683 tenuerat
456 2621 536 2682 viam
560 2619 689 2696 deserit,
713 2595 914 2704 scopulisque
938 2617 1125 2696 obstructus,

175 2732 297 2797 nullum
318 2733 351 2796 in
373 2753 437 2816 quo
461 2753 557 2795 naves
580 2730 741 2816 appellent
762 2741 887 2815 portum
913 2740 1125 2816 opportrmum

176 2843 285 2920 haben
311 2865 410 2929 parvo
432 2842 600 2935 intervallo
622 2847 655 2908 in
677 2853 849 2908 cataractae
872 2845 1026 2928 angustias
1049 2840 1127 2926 deji-

176 2959 264 3021 citur.
322 2955 457 3041 Templo
485 2957 547 3040 jam
575 2960 607 3020 in
632 2955 735 3020 insula
763 2956 883 3042 posito,
911 2957 1125 3041 Aegyptoque

177 3066 288 3132 meolis
316 3066 527 3154 frequentata,
554 3090 620 3133 non
643 3066 712 3134 fieri
735 3071 852 3154 potuit,
882 3068 957 3152 quin
980 3064 1126 3132 sacerdo-

177 3190 241 3244 tum
263 3181 415 3264 sapientia
438 3190 468 3244 et
489 3192 696 3246 mercatorum
719 3202 824 3244 annuo
847 3182 1031 3253 intercursu,
1054 3176 1126 3239 Phi-

177 3291 277 3356 larum
299 3293 375 3355 situs
397 3294 429 3355 in
453 3291 520 3358 dies
541 3295 667 3377 majoris
690 3289 782 3356 fieret
804 3293 960 3366 momenti,
982 3309 1043 3353 nec
1057 3309 1126 3353 san-

180 3405 266 3468 ctitas
294 3400 399 3467 locum
426 3403 564 3488 reliquit,
599 3402 668 3468 'cum
697 3408 874 3490 Aegyptus,
909 3400 949 3464 ad
977 3423 1126 3465 summum
1157 3449 1162 3452 v

177 3541 377 3557 *nnn——

213 3609 236 3678 ⁸)
254 3607 334 3664 Diod.
356 3606 407 3662 sic.
426 3605 469 3660 111.
488 3625 514 3681 p.
534 3608 585 3660 175
603 3607 643 3660 ed.
662 3605 751 3662 wass.
772 3615 835 3680 φασὶ
854 3613 885 3664 aa·
899 3614 942 3663 καὶ
961 3609 1006 3677 (ot
1024 3613 1128 3662 Arao-
1203 3597 1210 3612 ³

249 3695 308 3765 πες)
326 3697 389 3756 τοὺς
407 3698 572 3762 Αἰγυπτίους
590 3692 718 3756 ἇποίκόυς
737 3695 832 3750 ἑαυτῶν
850 3695 981 3770 ὑπάρχειν,
996 3692 1127 3767 Ὀσίριδος
1182 3687 1190 3706 ’

249 3784 410 3854 a‘pylpuuper'run
433 3782 479 3848 τῆς
498 3778 627 3842 ἀποικίας.

138 3891 150 3918 ·
215 3876 248 3944 ”)
266 3853 462 3931 Gauldonum.
480 3871 604 3930 Nubiens.
624 3873 707 3930 Prael'.
