<?xml version="1.0" encoding="UTF-8"?>
<!DOCTYPE html PUBLIC "-//W3C//DTD XHTML 1.0 Transitional//EN"
    "http://www.w3.org/TR/xhtml1/DTD/xhtml1-transitional.dtd">
<html xmlns="http://www.w3.org/1999/xhtml" xml:lang="en" lang="en">
 <head>
  <title>
</title>
<meta http-equiv="Content-Type" content="text/html;charset=utf-8" />
  <meta name='ocr-system' content='tesseract 3.04.00' />
  <meta name='ocr-capabilities' content='ocr_page ocr_carea ocr_par ocr_line ocrx_word'/>
</head>
<body>
  <div class='ocr_page' id='page_1' title='image "./dephilisinsulae01partgoog_0035.png"; bbox 0 0 3002 4544; ppageno 0'>
   <div class='ocr_carea' id='block_1_1' title="bbox 330 289 441 381">
    <p class='ocr_par' dir='ltr' id='par_1_1' title="bbox 330 289 441 381">
     <span class='ocr_line' id='line_1_1' title="bbox 330 289 441 381; baseline 0 -17"><span class='ocrx_word' id='word_1_1' title='bbox 330 377 333 381; x_wconf 39' lang='grc'><strong>,</strong></span> <span class='ocrx_word' id='word_1_2' title='bbox 390 289 441 364; x_wconf 73' lang='lat'>22</span> 
     </span>
    </p>
   </div>
   <div class='ocr_carea' id='block_1_2' title="bbox 221 463 1372 3012">
    <p class='ocr_par' dir='ltr' id='par_1_2' title="bbox 221 463 1343 775">
     <span class='ocr_line' id='line_1_2' title="bbox 221 463 1343 554; baseline -0.004 -19"><span class='ocrx_word' id='word_1_3' title='bbox 221 478 296 536; x_wconf 68' lang='lat' dir='ltr'>Pars</span> <span class='ocrx_word' id='word_1_4' title='bbox 314 479 334 536; x_wconf 91' lang='lat'>1.</span> <span class='ocrx_word' id='word_1_5' title='bbox 392 489 457 554; x_wconf 87' lang='lat' dir='ltr'>que</span> <span class='ocrx_word' id='word_1_6' title='bbox 478 487 543 554; x_wconf 90' lang='lat' dir='ltr'>quo</span> <span class='ocrx_word' id='word_1_7' title='bbox 565 474 708 551; x_wconf 87' lang='lat' dir='ltr'>tempore</span> <span class='ocrx_word' id='word_1_8' title='bbox 728 465 844 530; x_wconf 88' lang='lat' dir='ltr'>incisae</span> <span class='ocrx_word' id='word_1_9' title='bbox 866 475 946 530; x_wconf 88' lang='lat' dir='ltr'>sunt.</span> <span class='ocrx_word' id='word_1_10' title='bbox 990 463 1094 531; x_wconf 86' lang='lat' dir='ltr'>Nobis</span> <span class='ocrx_word' id='word_1_11' title='bbox 1116 463 1242 551; x_wconf 89' lang='lat' dir='ltr'>quidem</span> <span class='ocrx_word' id='word_1_12' title='bbox 1263 465 1343 532; x_wconf 87' lang='lat' dir='ltr'>haee</span> 
     </span>
     <span class='ocr_line' id='line_1_3' title="bbox 392 575 1343 664; baseline -0.001 -19"><span class='ocrx_word' id='word_1_13' title='bbox 392 579 463 645; x_wconf 90' lang='lat' dir='ltr'>sola</span> <span class='ocrx_word' id='word_1_14' title='bbox 482 581 564 642; x_wconf 88' lang='lat' dir='ltr'>ratio</span> <span class='ocrx_word' id='word_1_15' title='bbox 592 575 723 654; x_wconf 86' lang='lat' dir='ltr'>sufficit,</span> <span class='ocrx_word' id='word_1_16' title='bbox 751 587 786 640; x_wconf 91' lang='lat' dir='ltr'>ut</span> <span class='ocrx_word' id='word_1_17' title='bbox 807 579 899 662; x_wconf 77' lang='lat' dir='ltr'>signis</span> <span class='ocrx_word' id='word_1_18' title='bbox 921 576 1166 664; x_wconf 81' lang='lat' dir='ltr'>hieroglyphieis</span> <span class='ocrx_word' id='word_1_19' title='bbox 1188 581 1343 664; x_wconf 87' lang='lat' dir='ltr'>antiquio-</span> 
     </span>
     <span class='ocr_line' id='line_1_4' title="bbox 393 687 1217 775; baseline -0.002 -19"><span class='ocrx_word' id='word_1_20' title='bbox 393 714 460 756; x_wconf 86' lang='lat' dir='ltr'>rem</span> <span class='ocrx_word' id='word_1_21' title='bbox 483 699 624 766; x_wconf 86' lang='lat' dir='ltr'>aetatem‚</span> <span class='ocrx_word' id='word_1_22' title='bbox 647 710 739 772; x_wconf 89' lang='lat' dir='ltr'>quam</span> <span class='ocrx_word' id='word_1_23' title='bbox 761 687 1016 775; x_wconf 84' lang='lat' dir='ltr'>inscriptionibus</span> <span class='ocrx_word' id='word_1_24' title='bbox 1038 688 1217 755; x_wconf 80' lang='lat' dir='ltr'>tribuamus.</span> 
     </span>
    </p>

    <p class='ocr_par' dir='ltr' id='par_1_3' title="bbox 393 800 1345 1452">
     <span class='ocr_line' id='line_1_5' title="bbox 462 800 1343 886; baseline 0 -18"><span class='ocrx_word' id='word_1_25' title='bbox 462 802 612 869; x_wconf 87' lang='lat' dir='ltr'>Ceterum</span> <span class='ocrx_word' id='word_1_26' title='bbox 645 821 712 865; x_wconf 90' lang='lat' dir='ltr'>non</span> <span class='ocrx_word' id='word_1_27' title='bbox 746 800 1054 886; x_wconf 88' lang='lat' dir='ltr'>praetermittendmn</span> <span class='ocrx_word' id='word_1_28' title='bbox 1089 813 1149 882; x_wconf 89' lang='lat' dir='ltr'>est,</span> <span class='ocrx_word' id='word_1_29' title='bbox 1186 801 1343 868; x_wconf 82' lang='lat' dir='ltr'>insolitam</span> 
     </span>
     <span class='ocr_line' id='line_1_6' title="bbox 393 913 1342 1001; baseline -0.001 -20"><span class='ocrx_word' id='word_1_30' title='bbox 393 914 480 981; x_wconf 88' lang='lat' dir='ltr'>illam</span> <span class='ocrx_word' id='word_1_31' title='bbox 514 915 679 1000; x_wconf 82' lang='lat' dir='ltr'>imaginum</span> <span class='ocrx_word' id='word_1_32' title='bbox 716 913 972 980; x_wconf 86' lang='lat' dir='ltr'>circumlitionem</span> <span class='ocrx_word' id='word_1_33' title='bbox 1008 918 1041 980; x_wconf 94' lang='lat' dir='ltr'>in</span> <span class='ocrx_word' id='word_1_34' title='bbox 1084 913 1154 980; x_wconf 92' lang='lat' dir='ltr'>sola</span> <span class='ocrx_word' id='word_1_35' title='bbox 1173 947 1175 956; x_wconf 92' lang='grc'><em>·</em></span> <span class='ocrx_word' id='word_1_36' title='bbox 1192 917 1342 1001; x_wconf 77' lang='lat' dir='ltr'>Aegypto</span> 
     </span>
     <span class='ocr_line' id='line_1_7' title="bbox 394 1006 1344 1113; baseline 0.002 -23"><span class='ocrx_word' id='word_1_37' title='bbox 394 1036 526 1112; x_wconf 83' lang='lat' dir='ltr'>propter</span> <span class='ocrx_word' id='word_1_38' title='bbox 546 1006 716 1089; x_wconf 83' lang='lat' dir='ltr'>rarissimas</span> <span class='ocrx_word' id='word_1_39' title='bbox 737 1024 860 1110; x_wconf 83' lang='lat' dir='ltr'>pluvias</span> <span class='ocrx_word' id='word_1_40' title='bbox 884 1025 1025 1092; x_wconf 86' lang='lat' dir='ltr'>adhiberi</span> <span class='ocrx_word' id='word_1_41' title='bbox 1045 1049 1150 1113; x_wconf 90' lang='lat' dir='ltr'>posse,</span> <span class='ocrx_word' id='word_1_42' title='bbox 1172 1039 1208 1093; x_wconf 89' lang='lat' dir='ltr'>ut</span> <span class='ocrx_word' id='word_1_43' title='bbox 1227 1029 1344 1093; x_wconf 86' lang='lat' dir='ltr'>nemini</span> 
     </span>
     <span class='ocr_line' id='line_1_8' title="bbox 393 1121 1345 1226; baseline 0.002 -24"><span class='ocrx_word' id='word_1_44' title='bbox 393 1121 503 1202; x_wconf 76' lang='lat' dir='ltr'>mirum</span> <span class='ocrx_word' id='word_1_45' title='bbox 524 1135 680 1216; x_wconf 87' lang='lat' dir='ltr'>videatur,</span> <span class='ocrx_word' id='word_1_46' title='bbox 706 1141 866 1204; x_wconf 87' lang='lat' dir='ltr'>maximam</span> <span class='ocrx_word' id='word_1_47' title='bbox 887 1142 1149 1226; x_wconf 77' lang='lat' dir='ltr'>peregrinantium</span> <span class='ocrx_word' id='word_1_48' title='bbox 1169 1151 1290 1226; x_wconf 83' lang='lat' dir='ltr'>partem</span> <span class='ocrx_word' id='word_1_49' title='bbox 1312 1147 1345 1204; x_wconf 88' lang='lat' dir='ltr'>et</span> 
     </span>
     <span class='ocr_line' id='line_1_9' title="bbox 394 1248 1345 1338; baseline 0.005 -25"><span class='ocrx_word' id='word_1_50' title='bbox 394 1253 492 1336; x_wconf 80' lang='lat' dir='ltr'>ipsam</span> <span class='ocrx_word' id='word_1_51' title='bbox 514 1248 678 1335; x_wconf 82' lang='lat' dir='ltr'>deceptam</span> <span class='ocrx_word' id='word_1_52' title='bbox 702 1272 785 1328; x_wconf 91' lang='lat' dir='ltr'>esse,</span> <span class='ocrx_word' id='word_1_53' title='bbox 815 1251 1010 1337; x_wconf 89' lang='lat' dir='ltr'>aliorumque</span> <span class='ocrx_word' id='word_1_54' title='bbox 1032 1255 1215 1338; x_wconf 87' lang='lat' dir='ltr'>opinionem</span> <span class='ocrx_word' id='word_1_55' title='bbox 1237 1252 1345 1318; x_wconf 88' lang='lat' dir='ltr'>obtur-</span> 
     </span>
     <span class='ocr_line' id='line_1_10' title="bbox 393 1359 1345 1452; baseline 0.003 -26"><span class='ocrx_word' id='word_1_56' title='bbox 393 1361 497 1426; x_wconf 88' lang='lat' dir='ltr'>basse.</span> <span class='ocrx_word' id='word_1_57' title='bbox 534 1359 598 1426; x_wconf 83' lang='lat' dir='ltr'>Alii</span> <span class='ocrx_word' id='word_1_58' title='bbox 619 1361 752 1426; x_wconf 83' lang='lat' dir='ltr'>fortasse</span> <span class='ocrx_word' id='word_1_59' title='bbox 775 1366 933 1449; x_wconf 84' lang='lat' dir='ltr'>contingat</span> <span class='ocrx_word' id='word_1_60' title='bbox 946 1376 1148 1429; x_wconf 88' lang='lat' dir='ltr'>monumenta</span> <span class='ocrx_word' id='word_1_61' title='bbox 1162 1368 1345 1452; x_wconf 78' lang='lat' dir='ltr'>aegyptiaca</span> 
     </span>
    </p>

    <p class='ocr_par' dir='ltr' id='par_1_4' title="bbox 296 1463 1344 1672">
     <span class='ocr_line' id='line_1_11' title="bbox 296 1473 1344 1563; baseline 0.002 -25"><span class='ocrx_word' id='word_1_62' title='bbox 296 1527 299 1531; x_wconf 92' lang='lat'><em>.</em></span> <span class='ocrx_word' id='word_1_63' title='bbox 396 1473 579 1560; x_wconf 82' lang='lat' dir='ltr'>diligentius.</span> <span class='ocrx_word' id='word_1_64' title='bbox 596 1478 811 1559; x_wconf 86' lang='lat' dir='ltr'>perscrutanti,</span> <span class='ocrx_word' id='word_1_65' title='bbox 833 1487 869 1556; x_wconf 62' lang='lat' dir='ltr'>m</span> <span class='ocrx_word' id='word_1_66' title='bbox 889 1479 1124 1563; x_wconf 82' lang='lat' dir='ltr'>inscriptionem</span> <span class='ocrx_word' id='word_1_67' title='bbox 1147 1480 1233 1542; x_wconf 88' lang='lat' dir='ltr'>etin</span> <span class='ocrx_word' id='word_1_68' title='bbox 1253 1496 1344 1541; x_wconf 87' lang='lat' dir='ltr'>muro</span> 
     </span>
     <span class='ocr_line' id='line_1_12' title="bbox 396 1583 1022 1672; baseline 0.005 -24"><span class='ocrx_word' id='word_1_69' title='bbox 396 1594 428 1649; x_wconf 88' lang='lat' dir='ltr'>et</span> <span class='ocrx_word' id='word_1_70' title='bbox 449 1588 482 1648; x_wconf 91' lang='lat' dir='ltr'>in</span> <span class='ocrx_word' id='word_1_71' title='bbox 502 1583 666 1650; x_wconf 89' lang='lat' dir='ltr'>lithocolla</span> <span class='ocrx_word' id='word_1_72' title='bbox 690 1585 855 1651; x_wconf 82' lang='lat' dir='ltr'>exhibitam</span> <span class='ocrx_word' id='word_1_73' title='bbox 877 1591 1022 1672; x_wconf 79' lang='lat' dir='ltr'>reponat.</span> 
     </span>
    </p>

    <p class='ocr_par' dir='ltr' id='par_1_5' title="bbox 395 1695 1347 2560">
     <span class='ocr_line' id='line_1_13' title="bbox 455 1695 1346 1780; baseline 0.002 -22"><span class='ocrx_word' id='word_1_74' title='bbox 455 1697 501 1771; x_wconf 83' lang='lat' dir='ltr'>¹lis</span> <span class='ocrx_word' id='word_1_75' title='bbox 529 1698 634 1780; x_wconf 77' lang='lat' dir='ltr'>igitur,</span> <span class='ocrx_word' id='word_1_76' title='bbox 665 1718 746 1780; x_wconf 89' lang='lat' dir='ltr'>quae</span> <span class='ocrx_word' id='word_1_77' title='bbox 774 1697 872 1762; x_wconf 93' lang='lat' dir='ltr'>modo</span> <span class='ocrx_word' id='word_1_78' title='bbox 901 1697 1072 1775; x_wconf 85' lang='lat' dir='ltr'>attulimus,</span> <span class='ocrx_word' id='word_1_79' title='bbox 1101 1708 1245 1778; x_wconf 81' lang='lat' dir='ltr'>accurate</span> <span class='ocrx_word' id='word_1_80' title='bbox 1267 1695 1346 1760; x_wconf 89' lang='lat' dir='ltr'>mul·</span> 
     </span>
     <span class='ocr_line' id='line_1_14' title="bbox 396 1807 1345 1895; baseline 0.001 -23"><span class='ocrx_word' id='word_1_81' title='bbox 396 1819 524 1893; x_wconf 85' lang='lat' dir='ltr'>tumque</span> <span class='ocrx_word' id='word_1_82' title='bbox 552 1809 731 1894; x_wconf 83' lang='lat' dir='ltr'>perpensis,</span> <span class='ocrx_word' id='word_1_83' title='bbox 761 1807 801 1872; x_wconf 90' lang='lat' dir='ltr'>ad</span> <span class='ocrx_word' id='word_1_84' title='bbox 829 1813 1031 1878; x_wconf 82' lang='lat' dir='ltr'>remotiorem</span> <span class='ocrx_word' id='word_1_85' title='bbox 1059 1809 1185 1895; x_wconf 86' lang='lat' dir='ltr'>quidem</span> <span class='ocrx_word' id='word_1_86' title='bbox 1213 1818 1345 1874; x_wconf 88' lang='lat' dir='ltr'>aetatem</span> 
     </span>
     <span class='ocr_line' id='line_1_15' title="bbox 395 1919 1347 2012; baseline 0.002 -28"><span class='ocrx_word' id='word_1_87' title='bbox 395 1919 553 1999; x_wconf 89' lang='lat' dir='ltr'>Philarum</span> <span class='ocrx_word' id='word_1_88' title='bbox 576 1919 693 2003; x_wconf 85' lang='lat' dir='ltr'>templa</span> <span class='ocrx_word' id='word_1_89' title='bbox 712 1923 905 2000; x_wconf 87' lang='lat' dir='ltr'>retrahimus,</span> <span class='ocrx_word' id='word_1_90' title='bbox 928 1922 1089 2012; x_wconf 81' lang='lat' dir='ltr'>sednullo</span> <span class='ocrx_word' id='word_1_91' title='bbox 1104 1934 1198 2007; x_wconf 89' lang='lat' dir='ltr'>pacto</span> <span class='ocrx_word' id='word_1_92' title='bbox 1216 1922 1255 1986; x_wconf 91' lang='lat' dir='ltr'>de</span> <span class='ocrx_word' id='word_1_93' title='bbox 1270 1931 1347 1986; x_wconf 84' lang='lat' dir='ltr'>tem-</span> 
     </span>
     <span class='ocr_line' id='line_1_16' title="bbox 395 2032 1345 2116; baseline 0.001 -22"><span class='ocrx_word' id='word_1_94' title='bbox 395 2051 484 2116; x_wconf 88' lang='lat' dir='ltr'>pore,</span> <span class='ocrx_word' id='word_1_95' title='bbox 507 2051 572 2112; x_wconf 93' lang='lat' dir='ltr'>quo</span> <span class='ocrx_word' id='word_1_96' title='bbox 597 2039 751 2090; x_wconf 83' lang='lat' dir='ltr'>exstructa</span> <span class='ocrx_word' id='word_1_97' title='bbox 774 2032 842 2106; x_wconf 87' lang='lat' dir='ltr'>sint,</span> <span class='ocrx_word' id='word_1_98' title='bbox 866 2041 981 2094; x_wconf 88' lang='lat' dir='ltr'>certam</span> <span class='ocrx_word' id='word_1_99' title='bbox 1003 2035 1187 2094; x_wconf 89' lang='lat' dir='ltr'>sententiam</span> <span class='ocrx_word' id='word_1_100' title='bbox 1202 2033 1345 2114; x_wconf 86' lang='lat' dir='ltr'>proferre</span> 
     </span>
     <span class='ocr_line' id='line_1_17' title="bbox 396 2136 1346 2227; baseline 0.004 -24"><span class='ocrx_word' id='word_1_101' title='bbox 396 2137 556 2204; x_wconf 81' lang='lat' dir='ltr'>audemus.</span> <span class='ocrx_word' id='word_1_102' title='bbox 580 2163 582 2168; x_wconf 54' lang='lat'><strong><em>¹</em></strong></span> <span class='ocrx_word' id='word_1_103' title='bbox 607 2136 681 2222; x_wconf 82' lang='lat' dir='ltr'>Qua</span> <span class='ocrx_word' id='word_1_104' title='bbox 710 2136 751 2201; x_wconf 88' lang='lat' dir='ltr'>de</span> <span class='ocrx_word' id='word_1_105' title='bbox 776 2159 812 2223; x_wconf 81' lang='lat' dir='ltr'>re</span> <span class='ocrx_word' id='word_1_106' title='bbox 833 2159 894 2203; x_wconf 89' lang='lat' dir='ltr'>nos</span> <span class='ocrx_word' id='word_1_107' title='bbox 917 2149 979 2203; x_wconf 90' lang='lat' dir='ltr'>tam</span> <span class='ocrx_word' id='word_1_108' title='bbox 1001 2138 1056 2202; x_wconf 92' lang='lat' dir='ltr'>diu</span> <span class='ocrx_word' id='word_1_109' title='bbox 1075 2142 1109 2202; x_wconf 91' lang='lat' dir='ltr'>in</span> <span class='ocrx_word' id='word_1_110' title='bbox 1131 2140 1275 2227; x_wconf 77' lang='lat' dir='ltr'>ambiguo</span> <span class='ocrx_word' id='word_1_111' title='bbox 1297 2165 1346 2208; x_wconf 85' lang='lat' dir='ltr'>re-</span> 
     </span>
     <span class='ocr_line' id='line_1_18' title="bbox 395 2239 1347 2340; baseline 0.003 -26"><span class='ocrx_word' id='word_1_112' title='bbox 395 2270 559 2314; x_wconf 88' lang='lat' dir='ltr'>mansuros</span> <span class='ocrx_word' id='word_1_113' title='bbox 590 2269 658 2313; x_wconf 92' lang='lat' dir='ltr'>esse</span> <span class='ocrx_word' id='word_1_114' title='bbox 687 2259 845 2334; x_wconf 84' lang='lat' dir='ltr'>putamus,</span> <span class='ocrx_word' id='word_1_115' title='bbox 881 2239 975 2336; x_wconf 89' lang='lat' dir='ltr'>quani</span> <span class='ocrx_word' id='word_1_116' title='bbox 1001 2253 1161 2336; x_wconf 81' lang='lat' dir='ltr'>signorum</span> <span class='ocrx_word' id='word_1_117' title='bbox 1188 2253 1347 2340; x_wconf 80' lang='lat' dir='ltr'>hierogly-</span> 
     </span>
     <span class='ocr_line' id='line_1_19' title="bbox 396 2359 1346 2453; baseline 0.006 -26"><span class='ocrx_word' id='word_1_118' title='bbox 396 2364 560 2449; x_wconf 89' lang='lat' dir='ltr'>phicorum</span> <span class='ocrx_word' id='word_1_119' title='bbox 589 2359 754 2447; x_wconf 85' lang='lat' dir='ltr'>explicatio</span> <span class='ocrx_word' id='word_1_120' title='bbox 782 2382 849 2427; x_wconf 91' lang='lat' dir='ltr'>non</span> <span class='ocrx_word' id='word_1_121' title='bbox 877 2361 918 2427; x_wconf 88' lang='lat' dir='ltr'>ad</span> <span class='ocrx_word' id='word_1_122' title='bbox 947 2361 1103 2440; x_wconf 87' lang='lat' dir='ltr'>altiorem,</span> <span class='ocrx_word' id='word_1_123' title='bbox 1132 2386 1224 2450; x_wconf 91' lang='lat' dir='ltr'>quam</span> <span class='ocrx_word' id='word_1_124' title='bbox 1252 2390 1346 2453; x_wconf 84' lang='lat' dir='ltr'>quem</span> 
     </span>
     <span class='ocr_line' id='line_1_20' title="bbox 395 2468 1131 2560; baseline -0.001 -19"><span class='ocrx_word' id='word_1_125' title='bbox 395 2495 481 2542; x_wconf 90' lang='lat' dir='ltr'>nunc</span> <span class='ocrx_word' id='word_1_126' title='bbox 499 2484 589 2539; x_wconf 79' lang='lat' dir='ltr'>‘tenet</span> <span class='ocrx_word' id='word_1_127' title='bbox 610 2472 752 2559; x_wconf 82' lang='lat' dir='ltr'>gradum,</span> <span class='ocrx_word' id='word_1_128' title='bbox 775 2495 942 2560; x_wconf 79' lang='lat' dir='ltr'>progressa</span> <span class='ocrx_word' id='word_1_129' title='bbox 965 2478 1023 2540; x_wconf 88' lang='lat' dir='ltr'>erit</span> <span class='ocrx_word' id='word_1_130' title='bbox 1040 2474 1084 2556; x_wconf 83' lang='lat'>*).</span> <span class='ocrx_word' id='word_1_131' title='bbox 1128 2468 1131 2471; x_wconf 58' lang='grc'><strong>’</strong></span> 
     </span>
    </p>

    <p class='ocr_par' dir='ltr' id='par_1_6' title="bbox 395 2569 1372 3012">
     <span class='ocr_line' id='line_1_21' title="bbox 462 2586 1372 2676; baseline 0.005 -24"><span class='ocrx_word' id='word_1_132' title='bbox 462 2588 546 2652; x_wconf 89' lang='lat' dir='ltr'>Ante</span> <span class='ocrx_word' id='word_1_133' title='bbox 562 2596 725 2672; x_wconf 87' lang='lat' dir='ltr'>utramque</span> <span class='ocrx_word' id='word_1_134' title='bbox 739 2586 869 2670; x_wconf 82' lang='lat' dir='ltr'>pylonis</span> <span class='ocrx_word' id='word_1_135' title='bbox 886 2587 974 2666; x_wconf 87' lang='lat' dir='ltr'>alam,</span> <span class='ocrx_word' id='word_1_136' title='bbox 991 2587 1076 2652; x_wconf 86' lang='lat' dir='ltr'>haud</span> <span class='ocrx_word' id='word_1_137' title='bbox 1090 2588 1204 2673; x_wconf 88' lang='lat' dir='ltr'>procul</span> <span class='ocrx_word' id='word_1_138' title='bbox 1220 2611 1238 2654; x_wconf 89' lang='lat' dir='ltr'>a</span> <span class='ocrx_word' id='word_1_139' title='bbox 1252 2602 1346 2676; x_wconf 88' lang='lat' dir='ltr'>porta</span> <span class='ocrx_word' id='word_1_140' title='bbox 1370 2638 1372 2642; x_wconf 90' lang='lat'><em>-</em></span> 
     </span>
     <span class='ocr_line' id='line_1_22' title="bbox 395 2699 1347 2787; baseline 0.003 -22"><span class='ocrx_word' id='word_1_141' title='bbox 395 2701 516 2787; x_wconf 88' lang='lat' dir='ltr'>majore</span> <span class='ocrx_word' id='word_1_142' title='bbox 530 2706 563 2766; x_wconf 92' lang='lat' dir='ltr'>in</span> <span class='ocrx_word' id='word_1_143' title='bbox 584 2701 742 2764; x_wconf 77' lang='lat' dir='ltr'>mitrarum</span> <span class='ocrx_word' id='word_1_144' title='bbox 765 2720 889 2776; x_wconf 85' lang='lat' dir='ltr'>acervo,</span> <span class='ocrx_word' id='word_1_145' title='bbox 911 2699 1082 2784; x_wconf 78' lang='lat' dir='ltr'>fragmenta</span> <span class='ocrx_word' id='word_1_146' title='bbox 1104 2701 1258 2785; x_wconf 87' lang='lat' dir='ltr'>quaedam</span> <span class='ocrx_word' id='word_1_147' title='bbox 1279 2725 1347 2768; x_wconf 89' lang='lat' dir='ltr'>cer-</span> 
     </span>
     <span class='ocr_line' id='line_1_23' title="bbox 396 2810 1347 2901; baseline 0.003 -24"><span class='ocrx_word' id='word_1_148' title='bbox 396 2824 521 2890; x_wconf 89' lang='lat' dir='ltr'>nuntur,</span> <span class='ocrx_word' id='word_1_149' title='bbox 535 2811 672 2888; x_wconf 90' lang='lat' dir='ltr'>leonum,</span> <span class='ocrx_word' id='word_1_150' title='bbox 687 2820 723 2873; x_wconf 90' lang='lat' dir='ltr'>ut</span> <span class='ocrx_word' id='word_1_151' title='bbox 738 2811 893 2895; x_wconf 85' lang='lat' dir='ltr'>conjicias,</span> <span class='ocrx_word' id='word_1_152' title='bbox 907 2821 1012 2897; x_wconf 89' lang='lat' dir='ltr'>partes</span> <span class='ocrx_word' id='word_1_153' title='bbox 1028 2810 1189 2898; x_wconf 86' lang='lat' dir='ltr'>abruptae.</span> <span class='ocrx_word' id='word_1_154' title='bbox 1225 2814 1347 2901; x_wconf 82' lang='lat' dir='ltr'>Lepide</span> 
     </span>
     <span class='ocr_line' id='line_1_24' title="bbox 397 2921 1348 3012; baseline 0.005 -24"><span class='ocrx_word' id='word_1_155' title='bbox 397 2927 547 3012; x_wconf 77' lang='lat' dir='ltr'>gramtico</span> <span class='ocrx_word' id='word_1_156' title='bbox 568 2921 667 2987; x_wconf 88' lang='lat' dir='ltr'>rubro</span> <span class='ocrx_word' id='word_1_157' title='bbox 682 2923 812 2986; x_wconf 85' lang='lat' dir='ltr'>maxima</span> <span class='ocrx_word' id='word_1_158' title='bbox 834 2921 992 3011; x_wconf 81' lang='lat' dir='ltr'>diligentia</span> <span class='ocrx_word' id='word_1_159' title='bbox 1007 2923 1168 3012; x_wconf 87' lang='lat' dir='ltr'>exsculpta</span> <span class='ocrx_word' id='word_1_160' title='bbox 1189 2935 1269 3006; x_wconf 81' lang='lat' dir='ltr'>sunt,</span> <span class='ocrx_word' id='word_1_161' title='bbox 1289 2947 1348 2992; x_wconf 66' lang='lat' dir='ltr'>no«</span> 
     </span>
    </p>
   </div>
   <div class='ocr_carea' id='block_1_3' title="bbox 398 3107 599 3126">
    <p class='ocr_par' dir='ltr' id='par_1_7' title="bbox 398 3107 599 3126">
     <span class='ocr_line' id='line_1_25' title="bbox 398 3107 599 3126; baseline 0 -6"><span class='ocrx_word' id='word_1_162' title='bbox 398 3107 599 3126; x_wconf 60' lang='lat' dir='ltr'>pun——</span> 
     </span>
    </p>
   </div>
   <div class='ocr_carea' id='block_1_4' title="bbox 413 3225 1350 3892">
    <p class='ocr_par' dir='ltr' id='par_1_8' title="bbox 432 3225 1350 3828">
     <span class='ocr_line' id='line_1_26' title="bbox 432 3225 1350 3307; baseline 0.002 -23"><span class='ocrx_word' id='word_1_163' title='bbox 432 3229 455 3302; x_wconf 75' lang='lat'>&#39;)</span> <span class='ocrx_word' id='word_1_164' title='bbox 473 3228 503 3284; x_wconf 91' lang='lat' dir='ltr'>ln</span> <span class='ocrx_word' id='word_1_165' title='bbox 512 3225 729 3305; x_wconf 72' lang='lat' dir='ltr'>lljplpemetidibu&#39;s</span> <span class='ocrx_word' id='word_1_166' title='bbox 743 3226 840 3304; x_wconf 82' lang='lat' dir='ltr'>gallicis</span> <span class='ocrx_word' id='word_1_167' title='bbox 849 3227 959 3302; x_wconf 83' lang='lat' dir='ltr'>Augusti</span> <span class='ocrx_word' id='word_1_168' title='bbox 967 3226 1196 3286; x_wconf 80' lang='lat' dir='ltr'>lllDCCCXXlX</span> <span class='ocrx_word' id='word_1_169' title='bbox 1208 3225 1350 3307; x_wconf 79' lang='lat' dir='ltr'>Chaltrpol·</span> 
     </span>
     <span class='ocr_line' id='line_1_27' title="bbox 469 3307 1349 3394; baseline 0.002 -24"><span class='ocrx_word' id='word_1_170' title='bbox 469 3315 524 3370; x_wconf 89' lang='lat' dir='ltr'>lion</span> <span class='ocrx_word' id='word_1_171' title='bbox 532 3307 625 3382; x_wconf 80' lang='lat' dir='ltr'>minor,</span> <span class='ocrx_word' id='word_1_172' title='bbox 636 3312 668 3369; x_wconf 90' lang='lat' dir='ltr'>de</span> <span class='ocrx_word' id='word_1_173' title='bbox 678 3323 797 3370; x_wconf 82' lang='lat' dir='ltr'>notarum</span> <span class='ocrx_word' id='word_1_174' title='bbox 807 3313 1057 3393; x_wconf 83' lang='lat' dir='ltr'>hieroglyphicarum</span> <span class='ocrx_word' id='word_1_175' title='bbox 1068 3315 1239 3393; x_wconf 84' lang='lat' dir='ltr'>explicatione</span> <span class='ocrx_word' id='word_1_176' title='bbox 1250 3317 1349 3394; x_wconf 85' lang='lat' dir='ltr'>optime</span> 
     </span>
     <span class='ocr_line' id='line_1_28' title="bbox 468 3401 1349 3481; baseline 0.003 -26"><span class='ocrx_word' id='word_1_177' title='bbox 468 3403 590 3469; x_wconf 86' lang='lat' dir='ltr'>meritus,</span> <span class='ocrx_word' id='word_1_178' title='bbox 613 3402 777 3458; x_wconf 83' lang='lat' dir='ltr'>inventorum</span> <span class='ocrx_word' id='word_1_179' title='bbox 793 3403 821 3458; x_wconf 87' lang='lat' dir='ltr'>in</span> <span class='ocrx_word' id='word_1_180' title='bbox 838 3401 959 3480; x_wconf 75' lang='lat' dir='ltr'>Aegypto</span> <span class='ocrx_word' id='word_1_181' title='bbox 977 3405 1120 3481; x_wconf 85' lang='lat' dir='ltr'>specimina</span> <span class='ocrx_word' id='word_1_182' title='bbox 1137 3401 1275 3472; x_wconf 83' lang='lat' dir='ltr'>exhibens,</span> <span class='ocrx_word' id='word_1_183' title='bbox 1293 3401 1349 3458; x_wconf 85' lang='lat' dir='ltr'>lere</span> 
     </span>
     <span class='ocr_line' id='line_1_29' title="bbox 470 3486 1349 3548; baseline 0.006 -5"><span class='ocrx_word' id='word_1_184' title='bbox 470 3489 556 3544; x_wconf 83' lang='lat' dir='ltr'>omnia</span> <span class='ocrx_word' id='word_1_185' title='bbox 572 3486 703 3546; x_wconf 80' lang='lat' dir='ltr'>Philarum</span> <span class='ocrx_word' id='word_1_186' title='bbox 720 3499 886 3548; x_wconf 79' lang='lat' dir='ltr'>monumenta</span> <span class='ocrx_word' id='word_1_187' title='bbox 903 3486 1111 3548; x_wconf 83' lang='lat' dir='ltr'>Ptolemaeorum</span> <span class='ocrx_word' id='word_1_188' title='bbox 1128 3499 1156 3546; x_wconf 87' lang='lat' dir='ltr'>et</span> <span class='ocrx_word' id='word_1_189' title='bbox 1171 3488 1349 3548; x_wconf 71' lang='lat' dir='ltr'>nummorum</span> 
     </span>
     <span class='ocr_line' id='line_1_30' title="bbox 470 3576 1349 3646; baseline 0.002 -16"><span class='ocrx_word' id='word_1_190' title='bbox 470 3583 554 3630; x_wconf 87' lang='lat' dir='ltr'>aetate</span> <span class='ocrx_word' id='word_1_191' title='bbox 572 3585 715 3634; x_wconf 80' lang='lat' dir='ltr'>exstnretas</span> <span class='ocrx_word' id='word_1_192' title='bbox 735 3595 794 3633; x_wconf 91' lang='lat' dir='ltr'>esse</span> <span class='ocrx_word' id='word_1_193' title='bbox 812 3576 973 3646; x_wconf 78' lang='lat' dir='ltr'>significavit,</span> <span class='ocrx_word' id='word_1_194' title='bbox 992 3578 1064 3646; x_wconf 87' lang='lat' dir='ltr'>cujus</span> <span class='ocrx_word' id='word_1_195' title='bbox 1082 3576 1130 3642; x_wconf 90' lang='lat' dir='ltr'>rei,</span> <span class='ocrx_word' id='word_1_196' title='bbox 1148 3597 1180 3633; x_wconf 85' lang='lat' dir='ltr'>ex</span> <span class='ocrx_word' id='word_1_197' title='bbox 1198 3577 1291 3643; x_wconf 86' lang='lat' dir='ltr'>itinere</span> <span class='ocrx_word' id='word_1_198' title='bbox 1309 3596 1349 3632; x_wconf 87' lang='lat' dir='ltr'>re·</span> 
     </span>
     <span class='ocr_line' id='line_1_31' title="bbox 470 3659 1348 3741; baseline 0.003 -25"><span class='ocrx_word' id='word_1_199' title='bbox 470 3659 576 3729; x_wconf 90' lang='lat' dir='ltr'>ducem,</span> <span class='ocrx_word' id='word_1_200' title='bbox 598 3661 714 3718; x_wconf 85' lang='lat' dir='ltr'>firmiora</span> <span class='ocrx_word' id='word_1_201' title='bbox 732 3683 790 3721; x_wconf 90' lang='lat' dir='ltr'>eum</span> <span class='ocrx_word' id='word_1_202' title='bbox 809 3661 944 3740; x_wconf 79' lang='lat' dir='ltr'>allaturum</span> <span class='ocrx_word' id='word_1_203' title='bbox 961 3683 1020 3718; x_wconf 84' lang='lat' dir='ltr'>esse</span> <span class='ocrx_word' id='word_1_204' title='bbox 1039 3673 1186 3738; x_wconf 84' lang='lat' dir='ltr'>argumenta</span> <span class='ocrx_word' id='word_1_205' title='bbox 1204 3682 1348 3741; x_wconf 76' lang='lat' dir='ltr'>speramus,</span> 
     </span>
     <span class='ocr_line' id='line_1_32' title="bbox 470 3747 1348 3828; baseline 0 -24"><span class='ocrx_word' id='word_1_206' title='bbox 470 3767 547 3823; x_wconf 88' lang='lat' dir='ltr'>quam</span> <span class='ocrx_word' id='word_1_207' title='bbox 565 3747 636 3824; x_wconf 88' lang='lat' dir='ltr'>quod</span> <span class='ocrx_word' id='word_1_208' title='bbox 653 3748 722 3804; x_wconf 86' lang='lat' dir='ltr'>sola</span> <span class='ocrx_word' id='word_1_209' title='bbox 741 3769 831 3824; x_wconf 79' lang='lat' dir='ltr'>regum</span> <span class='ocrx_word' id='word_1_210' title='bbox 849 3751 995 3816; x_wconf 88' lang='lat' dir='ltr'>nomina,</span> <span class='ocrx_word' id='word_1_211' title='bbox 1015 3747 1099 3806; x_wconf 85' lang='lat' dir='ltr'>literis</span> <span class='ocrx_word' id='word_1_212' title='bbox 1116 3751 1197 3808; x_wconf 79' lang='lat' dir='ltr'>saeris</span> <span class='ocrx_word' id='word_1_213' title='bbox 1215 3768 1348 3828; x_wconf 80' lang='lat' dir='ltr'>expressa,</span> 
     </span>
    </p>

    <p class='ocr_par' dir='ltr' id='par_1_9' title="bbox 413 3834 686 3892">
     <span class='ocr_line' id='line_1_33' title="bbox 413 3834 686 3892; baseline 0.007 -3"><span class='ocrx_word' id='word_1_214' title='bbox 413 3851 417 3856; x_wconf 90' lang='lat'>·</span> <span class='ocrx_word' id='word_1_215' title='bbox 470 3834 506 3890; x_wconf 88' lang='lat' dir='ltr'>ibi</span> <span class='ocrx_word' id='word_1_216' title='bbox 530 3835 686 3892; x_wconf 67' lang='lat' dir='ltr'>offenderit*</span> 
     </span>
    </p>
   </div>
   <div class='ocr_carea' id='block_1_5' title="bbox 0 0 1513 4544">
    <p class='ocr_par' dir='ltr' id='par_1_10' title="bbox 0 0 1513 4544">
     <span class='ocr_line' id='line_1_34' title="bbox 0 0 1513 4544; baseline 0 0"><span class='ocrx_word' id='word_1_217' title='bbox 0 0 1513 4544; x_wconf 95' lang='lat' dir='ltr'> </span> 
     </span>
    </p>
   </div>
  </div>
 </body>
</html>
