3002 4544
391 239 463 374 ”l
496 230 501 245 Ι
541 267 545 278 '
640 285 656 320 ο

225 467 339 528 Pml
386 453 468 538 loeo
489 465 574 538 idem
595 465 767 536 Belzonius
793 485 898 536 aroinn
919 455 1200 556 lapide'qmdrato
1223 479 1341 535 exstru-

393 593 478 648 ctum
497 583 617 647 invenit
631 578 676 664 ⁴³),
697 584 799 648 minus
821 585 913 647 etiam
934 581 1062 654 fomitis
1082 584 1211 649 nomine
1232 581 1342 669 appel·
1466 593 1474 603 ‘

392 693 536 774 landum,
559 715 629 760 cum
648 696 775 760 nonnisi
796 693 953 781 lapidibus
975 715 1139 783 exaequo
1161 695 1342 783 superposi-

392 809 434 883 tis
462 817 595 874 constet
655 805 789 872 Eodem·
806 806 874 873 lere
901 805 999 874 modo
1026 807 1163 874 fornices
1190 805 1343 894 Abydeni

393 929 469 986 sunt
506 899 666 998 exsnnoti,
710 922 829 1006 optimo
866 931 947 986 teste
982 920 1153 1001 Jomardo,
1197 921 1252 1008 qul
1286 940 1343 984 vo-

375 1029 461 1098 *ram
493 1042 591 1098 artem
622 1031 760 1097 lomioes
792 1031 966 1097 fabricandi
992 1033 1155 1100 Romanis¹
1174 1031 1229 1098 vel
1257 1031 1341 1099 adeo

393 1143 503 1212 ltaliae
523 1141 637 1211 incolis
657 1145 727 1231 jure
748 1143 916 1210 vindicavit
934 1143 1001 1228 “).
1046 1147 1081 1212 si
1102 1145 1344 1213 concamermdi

394 1246 451 1322 ars·
466 1257 631 1343 Aegyptiis
652 1258 854 1334 innotuisset,
883 1279 951 1323 eam
971 1279 1039 1324 non
1059 1257 1163 1324 solum
1184 1261 1218 1324 in
1239 1259 1344 1345 hypo-

394 1370 475 1456 geis,
496 1367 554 1435 ssd
577 1370 668 1434 etiam
689 1371 722 1434 in
743 1367 867 1454 templis
888 1367 1021 1456 aliisque
1041 1369 1212 1457 majolibus
1235 1367 1343 1435 aedifi·
1406 1353 1412 1362 x

394 1483 450 1546 eiis
483 1478 712 1558 adhibmssent;
743 1501 850 1568 neque
881 1484 985 1568 magni
1015 1487 1166 1550 momenti
1197 1482 1344 1548 Belzonii
1381 1561 1385 1568 Χ

394 1603 607 1678 argumentum
634 1589 800 1671 hebemus,
829 1593 974 1659 dicentis:
1010 1595 1129 1660 ideirco
1159 1597 1192 1660 in
1217 1593 1344 1680 templis

394 1715 479 1771 tecta
493 1713 717 1778 eonoamerata
737 1723 805 1769 non
825 1706 970 1790 repoliri,
1000 1703 1088 1791 quod
1109 1704 1212 1770 lineae
1234 1727 1344 1770 omva-

395 1827 448 1890 tae
470 1837 540 1886 eum
562 1819 659 1884 totius
681 1814 818 1881 aedificii
838 1816 1033 1904 simplicitate
1057 1828 1088 1884 et
1101 1819 1263 1904 majestate
1276 1835 1344 1880 non

395 1940 615 2016 oongmerent.
673 1928 738 2011 Qui
770 1929 923 1994 fornicem
954 1928 1118 1993 ininsula
1145 1931 1255 2014 Bageh
1281 1949 1345 1992 una

396 2061 467 2104 cum
488 2039 608 2125 templo
632 2046 819 2102 exstructum
841 2031 937 2122 lusisse
960 2035 1164 2114 contendunt,
1187 2059 1243 2102 eos
1264 2059 1346 2102 non-

394 2153 456 2218 nisi
475 2149 551 2216 inde
573 2173 592 2216 a
612 2147 770 2214 Philamm
791 2150 860 2233 ripa
882 2149 1028 2232 opposita
1044 2167 1150 2210 areum
1163 2147 1344 2236 adspexisse

397 2283 577 2340 consenum
600 2235 655 2348 qli
672 2279 760 2339 vero,
782 2260 816 2325 in
837 2257 970 2325 insulam
990 2259 1146 2344 trajectus,
1167 2261 1277 2348 paullo
1300 2261 1345 2328 di,

395 2375 542 2462 ligantiam
570 2370 748 2440 aedificium
772 2373 1018 2458 investigaverit,
1045 2370 1212 2459 intelliget,
1231 2397 1345 2441 *areum

395 2508 465 2558 non
496 2485 636 2574 ejusdem
665 2505 737 2550 esse
763 2485 885 2562 aetatis,
925 2504 987 2569 qua
1016 2482 1182 2568 columnae
1211 2496 1243 2551 et
1270 2509 1345 2573 por-

339 2635 341 2638 ·
397 2614 449 2671 tne
470 2610 606 2668 amictae
628 2605 715 2676 sunt,
741 2595 799 2662 sed
820 2598 888 2668 sine
910 2592 1009 2678 dubio
1031 2596 1247 2664 Romanorum
1269 2609 1346 2664 tem·

397 2735 478 2803 pore
507 2710 663 2798 adjeowm
690 2708 787 2775 nossa
807 2699 894 2790 sss).
945 2707 1027 2773 Nam
1055 2719 1088 2774 et
1114 2711 1227 2798 singuli
1254 2723 1345 2776 aiens

397 2824 520 2914 lapides
547 2821 661 2890 leviter
683 2825 805 2892 tantum
831 2819 957 2910 scalpti,
990 2841 1103 2908 magna
1129 2843 1200 2888 eum
1223 2824 1346 2911 inomia

461 2973 462 2980 κ
666 2953 670 2960 ’
1257 2953 1347 3000 eom-

432 3137 457 3218 ’)
473 3142 584 3202 Balzoni
599 3139 740 3221 lllplste
755 3143 798 3200 44.

402 3232 405 3240 ’
433 3239 580 3310 ⁸)D1'eser.
598 3235 739 3313 ‹l'Abytlos
757 3256 784 3315 p.
802 3238 845 3294 ln

432 3331 478 3406 '⁴‘)
495 3331 676 3390 Laneretns
693 3353 720 3412 p.
737 3335 780 3390 92.
798 3353 814 3388 a
832 3327 997 3406 Christianis,
1014 3328 1174 3390 Thebaidem
1189 3331 1347 3402 tenentibus,

470 3439 530 3492 enm
548 3427 707 3477 exstructum
724 3438 784 3478 esse
800 3427 882 3498 putat
917 3417 1023 3476 lllorum
1040 3428 1126 3476 antem
1140 3438 1224 3499 ,opem
1234 3419 1347 3498 plemm-

469 3525 521 3584 que
537 3505 661 3565 lateribus
678 3508 761 3564 coetis
777 3513 904 3564 constant
934 3505 1152 3564 Hamiltonins
1170 3508 1197 3564 in
1208 3506 1350 3585 Aegyptia·

469 3595 508 3652 cis
525 3614 552 3672 p.
570 3597 613 3651 53.
635 3596 765 3652 immerito
787 3613 876 3650 arcum
895 3595 1013 3650 nominat
1034 3613 1100 3672 opus
1122 3595 1244 3652 eximium
1266 3605 1294 3651 et
1314 3593 1349 3650 ad

468 3678 636 3758 Coptliarnm
657 3676 794 3738 ecelesiam
815 3678 866 3736 vel
888 3679 1078 3738 Saracenorum
1100 3679 1252 3738 meschitnm
1267 3681 1348 3759 perti-

468 3769 558 3826 nuisse
582 3776 681 3826 censet
722 3765 826 3842 Quanta
848 3764 1104 3850 autemdillerentia
1124 3767 1194 3825 inter
1213 3767 1277 3855 hang
1294 3765 1347 3826 dno

469 3854 796 3928 architectonicas-genera
813 3854 929 3922 intersit,
946 3871 1024 3912 nemo
1041 3855 1150 3926 ignorat.
