3002 4544
1057 331 1104 430 41

156 508 287 598 sculpta,
308 508 350 576 ad
366 509 586 584 minutissimas
608 517 714 597 partes
735 517 859 576 servata
873 516 962 586 sunt;
986 505 1110 598 credas,
1160 519 1236 580 Pras
1254 518 1274 579 1.

157 644 238 710 opus
259 645 362 710 nuper
383 619 563 688 absolutum
585 643 664 688 esse.
688 657 732 670 —
753 622 792 686 In
814 601 877 686 hoc
890 640 1025 706 pronao,
1045 623 1107 685 nisi

155 737 188 798 in
209 734 293 814 loco,
316 757 408 821 quem
430 734 611 820 designavit,
633 732 777 813 fallimur,
799 733 956 798 Lancreto
973 742 1105 798 auctore

157 843 302 910 columna
325 857 387 926 est,
408 871 427 912 a
448 844 542 913 nohis
564 867 631 913 non
652 856 792 934 reperta,
820 839 855 911 in
877 847 966 940 cujus
989 844 1104 925 medio,
1145 825 1147 830 ,

156 979 215 1044 par
242 959 333 1023 unius
361 957 473 1044 lapidis
505 956 661 1024 delectum
691 960 878 1053 conspicuo,
907 958 1001 1022 alium
1029 956 1106 1044 lapi-

157 1069 237 1150 dem,
257 1073 342 1137 notis
356 1068 600 1156 hieroglyphicis
623 1081 766 1136 ornatum
787 1069 842 1136 ille
863 1069 955 1146 vidit;
979 1107 1020 1122 -
1044 1093 1108 1158 qua

155 1204 191 1248 re
213 1185 286 1248 satis
309 1191 455 1269 apparet,
478 1182 564 1249 illam
587 1183 694 1272 templi
715 1193 835 1270 partem
856 1180 1031 1270 lapidibus,
1052 1203 1108 1246 an-

156 1304 223 1359 tear
241 1294 336 1360 alium
368 1298 402 1359 in
429 1317 520 1360 usum
547 1298 609 1382 jam
632 1295 782 1384 adhibitis
812 1306 997 1361 exstructam
1027 1316 1117 1362 essu

156 1407 260 1472 Tanta
287 1389 391 1473 autem
419 1419 467 1472 est
493 1410 655 1473 inscientia
682 1419 791 1474 nostra
819 1406 860 1471 de
889 1418 1108 1472 monumento

154 1540 225 1582 rum
251 1519 395 1594 historia,
422 1528 458 1580 ut
482 1538 588 1602 neque
611 1517 652 1580 de
674 1520 788 1603 prioris
809 1539 916 1602 neque
938 1517 1120 1604 deposta--

155 1631 248 1694 rioris
277 1626 503 1694 aedificationis
533 1639 676 1715 tempore
698 1637 817 1694 certum
840 1626 1008 1715 quidquam
1034 1637 1108 1715 pro·
1158 1657 1163 1671 ¹

155 1740 239 1806 ferre
260 1743 425 1828 possimus.
600 1719 604 1730 ⁸

243 1854 343 1916 Varia
379 1860 452 1915 sunt
487 1853 521 1914 in
564 1869 688 1935 pronao
727 1850 877 1936 capitula,
920 1851 1107 1939 plerumque

140 1961 200 2028 'ad
236 1961 353 2047 calycis
388 1962 524 2046 speciem
565 1959 783 2041 exaedificata,
823 1961 978 2028 nonnulla
1015 1967 1107 2029 etiam

158 2072 199 2140 ad
230 2072 402 2160 palmarum
434 2051 588 2157 proceros
623 2074 743 2158 stipites
775 2070 858 2137 licta.
920 2073 1107 2140 Crassitudo

157 2185 370 2252 columnarum
400 2193 448 2247 est
476 2185 567 2248 trium
595 2181 713 2270 pedum
742 2193 774 2248 et
795 2188 944 2265 semissis,
973 2186 1106 2254 altitudo

158 2301 243 2384 scapi
256 2317 340 2378 „cum
369 2294 507 2382 capitulo
524 2273 647 2381 'viginti
675 2305 708 2361 et
733 2294 880 2376 duorum,
909 2309 1108 2366 contractura

156 2399 215 2474 sir'
235 2407 412 2484 manifesta3
441 2444 486 2455 -
519 2431 537 2472 a
566 2429 746 2493 graecarum
773 2411 866 2496 igitur
894 2410 1108 2478 columnarum

157 2544 302 2588 mensura
323 2519 419 2606 longe
442 2518 630 2607 discrepant.
1067 2523 1072 2534 '

223 2632 333 2698 Labor
352 2635 456 2698 irritus
480 2643 571 2710 esset,
591 2630 655 2696 vel·
669 2630 880 2722 descriptione
901 2632 956 2698 vel
969 2632 1109 2700 delinea-

158 2750 246 2812 tione
274 2743 340 2808 ulla
367 2745 536 2811 formarum
565 2756 760 2810 venustatem
783 2755 815 2809 ct
840 2743 1030 2824 firmitatem,
1060 2769 1108 2811 ar-

160 2859 348 2924 chitecturae
397 2855 596 2922 nobilitatem
640 2860 827 2945 erprimcre;
879 2860 1107 2924 accuratissima

157 2973 275 3057 imago,
298 2989 367 3034 cum
387 2972 520 3034 veritate
543 2980 735 3055 comparata,
757 2967 851 3036 nohis
872 2968 1020 3056 languida
1040 2974 1108 3035 visa

160 3094 216 3148 est.
272 3079 426 3146 Aedificii
452 3102 613 3146 mensuras
644 3055 802 3146 ddscribas
831 3081 919 3161 licet,
954 3085 1107 3168 parietum

160 3204 342 3260 ornamenta
372 3204 403 3258 et
432 3193 557 3259 colores
588 3191 752 3279 diligenter
779 3181 920 3271 imiteris,
948 3214 1108 3279 nunquam

158 3317 263 3372 tamen
291 3303 412 3372 accedit
440 3304 546 3372 tabula
576 3316 630 3370 tua
658 3303 699 3370 ad
725 3305 811 3370 illam
837 3289 1023 3370 umbrarum
1038 3325 1109 3392 per-

159 3421 353 3506 spicuitatem
376 3429 407 3484 et
428 3417 559 3483 nitidum
582 3415 665 3483 coeli
686 3417 901 3505 splendorem,
928 3420 982 3504 qui
1002 3421 1110 3484 immu-

159 3541 225 3596 tata
253 3529 317 3598 diei
344 3530 485 3618 solisque
512 3533 681 3598 serenitate
710 3528 859 3616 templum
881 3540 1041 3617 totamque
1062 3534 1109 3597 in·-

158 3642 258 3709 sulam
285 3641 429 3708 illustrat
478 3644 516 3709 In
541 3643 604 3708 hoc
625 3663 752 3738 pronao·
772 3641 862 3707 facile
884 3643 1108 3730 populationes

160 3775 282 3832 omnes,
312 3753 426 3840 quibus
453 3757 567 3820 misera
588 3755 752 3841 Aegyptus
781 3777 841 3842 per
868 3765 917 3822 tot
942 3755 1068 3821 saecula
1090 3779 1109 3825 a
1135 3805 1139 3820 .

158 3859 299 3932 barbaris
322 3867 437 3934 afflicta
460 3877 516 3948 cst,
532 3864 749 3946 obliviscaris3
763 3902 807 3917 -
829 3865 1021 3955 persuadeas
1043 3866 1111 3946 tibi,¹
