3002 4544
10 49 13 140 l

10 221 13 292 ¹

1060 297 1131 370 103

146 480 269 572 'cham
292 477 545 556 Alexandrinum,
569 489 663 564 caput
685 477 837 542 ecclesiae
859 475 1035 554 Africanae,
1057 486 1132 540 tunc
1179 485 1253 544 Pras
1270 483 1303 543 Π.
1349 546 1352 553 ,

177 594 331 677 temporis
355 589 602 656 eJacobitarum
624 601 710 654 secta
733 589 877 668 electum,
898 592 1056 666 miserimt,
1079 591 1132 674 qui

182 707 351 791 episcopos
373 713 532 791 peterent,
556 713 588 766 et
610 702 722 767 exinde
744 700 860 766 Nubae
883 701 1057 766 doctrinam
1078 701 1134 764 Ja-
1172 758 1174 767 ,
1298 783 1304 794 Ι

182 815 347 880 cobititam
376 814 509 901 amplexi
538 825 610 879 sunt
630 812 674 894 *).
726 813 805 878 lnde
836 811 876 878 ab
904 834 988 878 anno
1012 813 1085 877 653-
1098 834 1130 898 p.

181 927 242 994 Ch.
258 949 298 1006 m,
311 950 386 1013 ,quo
402 929 592 1007 Moslemini,
615 927 695 990 duce
718 925 784 1010 Aly
801 926 889 1004 Sarh,
910 929 1043 1011 primum
1063 923 1133 988 bel-

180 1038 245 1103 lum
279 1051 389 1105 contra
421 1040 558 1106 Nubiam
590 1050 771 1116 moverunt,
807 1059 909 1123 usque
943 1037 984 1102 ad
1017 1059 1132 1102 annum

181 1153 284 1230 1296,
316 1174 385 1238 quo
403 1154 542 1236 Dhaber.
554 1151 653 1217 Bibar
673 1153 812 1237 Aeffipti
833 1149 983 1214 Sultanus
1005 1149 1132 1216 Nubiae
1204 1233 1206 1237 ι

180 1264 387 1350 metropolin,
408 1255 602 1352 Dougalam,
625 1265 805 1348 occppavit,
834 1265 921 1348 regio
945 1265 1027 1326 circa
1050 1272 1132 1326 cata-

179 1386 296 1440 ractam
318 1359 514 1462 Syenensem
544 1379 698 1441 continuis
725 1372 956 1438 incursionibus
984 1373 1132 1438 infestata

181 1497 243 1566 est,
274 1486 446 1573 Philaeque
475 1491 574 1574 prima
595 1485 672 1551 urbs
700 1483 844 1550 hostibus
865 1488 1021 1571 utrimque
1045 1461 1134 1548 acce-

181 1595 327 1664 dentibus
353 1571 530 1686 patuerunt.
580 1598 705 1663 lncolas
729 1596 925 1662 Christianos
953 1599 1065 1683 partim
1086 1598 1133 1660 in-

180 1710 250 1774 sula
273 1710 434 1797 expulsos,
463 1713 574 1796 partim
603 1709 644 1774 ad
665 1709 762 1772 fidem
784 1708 1035 1774 Moslcminicam
1058 1729 1134 1772 con-

180 1845 291 1887 versos
315 1843 394 1900 esse,
418 1845 455 1886 ex
479 1844 518 1886 eo
543 1821 767 1898 concludimus,
790 1819 878 1906 quod
894 1820 949 1884 illa
964 1821 1132 1885 conversio
1201 1839 1203 1844 ·

181 1936 319 1998 omnium
347 1931 506 1998 bellonmr
536 1933 575 1998 ab
597 1931 755 1999 Arabibus
784 1943 943 2018 gestorum
969 1953 1079 1996 caussa
1102 1941 1134 1994 et

179 2043 252 2107 finis
284 2044 351 2108 fuit.
411 2046 558 2107 Attamen
591 2046 691 2106 mirati
724 2028 843 2119 sumus,
876 2047 959 2106 inter
990 2040 1132 2105 Arabum

179 2135 301 2242 tuguria
322 2176 477 2241 nusquam
500 2151 896 2230 aedemMosleminicam,
925 2155 975 2216 cui
996 2151 1133 2218 Meschi-

179 2278 230 2332 tae
257 2287 390 2345 nomen,
417 2269 450 2330 in
478 2266 581 2352 insula
607 2267 756 2342 inveniri,
783 2287 825 2330 ne
854 2265 977 2330 dirutae
1005 2263 1132 2350 quidem
1178 2347 1181 2350 ,

178 2381 320 2463 vestigia·
904 2413 915 2438 .

199 2539 201 2542 .
246 2488 325 2553 Inde
354 2510 372 2552 a
394 2489 522 2556 saeculo
545 2490 644 2568 xffl„
675 2510 739 2574 quo
763 2487 870 2553 Nubia
900 2493 1000 2552 omnis
1023 2486 1133 2554 debel-

180 2601 244 2667 lata
268 2610 329 2677 est,
357 2598 479 2665 Sultani
499 2600 686 2688 Aegyptiaci
708 2602 854 2687 regiones
878 2610 1052 2665 cataractae
1075 2602 1133 2664 cir-

180 2705 389 2798 cumjacentes
417 2711 577 2798 peculiare
604 2712 767 2799 praedium
788 2711 849 2776 sibi
869 2711 1067 2776 vindicarunt
1087 2709 1132 2792 ⁴¹¹),

180 2828 232 2890 cui
258 2823 416 2911 praesidio
444 2837 716 2890 monumentorum
745 2824 936 2889 Philensium
965 2845 1132 2888 conserva-

181 2941 226 3003 tio
255 2933 421 3001 tn'buenda
451 2947 506 3001 est.
558 2920 688 3002 Postea
702 2959 761 3023 per
788 2937 886 3001 multa
914 2936 1041 3001 saecula
1061 2934 1132 3000 nul-

181 3048 247 3113 lum
267 3048 390 3113 illarum
411 3051 575 3134 regionum
596 3051 738 3115 nuntium
760 3048 919 3126 habemus,
942 3047 1047 3112 donec
1067 3049 1132 3110 via

181 3171 284 3226 torum
312 3163 523 3226 recentiorum
552 3183 652 3248 opera
680 3163 811 3227 notitiae
839 3161 963 3247 aliquae
998 3158 1039 3224 ad
1069 3179 1131 3224 nos

179 3282 399 3361 pervenerunt.
560 3277 562 3280 ’

215 3584 243 3657 *)
260 3583 406 3643 Macrizii
423 3586 491 3650 Hier,
510 3587 592 3666 Copt.
610 3589 650 3648 ed.
669 3584 773 3648 Weter.
790 3611 817 3669 p.
833 3592 877 3647 99.

216 3686 259 3758 ἢ)
290 3686 382 3766 Usque
410 3690 449 3747 ad·
472 3702 589 3749 nostram
615 3702 727 3750 aetatem
751 3694 817 3750 haec
843 3694 972 3750 institutio
994 3693 1130 3759 remansit3

252 3794 397 3852 omnesque
412 3781 486 3856 pagi,
504 3777 565 3836 iude
583 3801 602 3836 a·
615 3779 711 3848 Bitho,
729 3801 744 3837 c
762 3781 868 3858 regione
883 3777 1029 3850 Philamm,
1047 3799 1129 3856 usque

251 3861 285 3917 ad
302 3861 409 3938 Syenen
429 3867 457 3923 in
474 3864 528 3923 Nili
551 3869 608 3943 ripa
631 3865 764 3936 collocati,
790 3866 880 3924 literas
898 3865 1000 3924 Sultani
1018 3868 1131 3943 peranti-
