3002 4544
1054 318 1100 392 81

33 549 35 558 ,
112 567 114 574 ¹
155 512 327 578 eorumque
343 489 430 557 cultu
450 489 603 578 prolerre.
649 489 786 556 Osiridis
801 490 978 578 sepulcrum
996 513 1014 556 a
1030 495 1103 578 scri7
1149 503 1224 560 Pers
1241 503 1272 562 11.

105 614 111 658 ὲ
154 602 298 690 ptoribus
327 625 422 691 quum
450 605 544 667 variis
572 599 651 668 locis
675 602 865 669 collocatum
887 606 939 683 sit,
966 601 1103 670 firmissi-

153 738 237 780 mum
252 715 285 780 id
299 727 510 802 argumentum
524 726 579 795 est,
593 717 769 802 Aegyptios
783 719 870 802 ipsos
881 717 989 780 harum
999 739 1103 780 rerum

153 830 268 894 inscios
297 829 401 894 luisse.
453 827 549 892 Philis
575 831 752 914 accipitrem
774 817 895 892 sacrum
918 826 1024 894 divino
1047 828 1104 892 ho·
1142 815 1144 820 ¹

154 961 234 1004 nore
258 940 374 1006 cultum
396 941 501 1020 fuisse,
524 939 640 1006 Strabo
664 937 805 1017 affirmat,
832 950 943 1004 auctor
964 943 1104 1026 gravissi-

154 1073 237 1131 mus‚·
260 1036 455 1140 arguuntdue
478 1037 602 1130 caveae,
626 1051 666 1116 ad
687 1063 825 1116 nostram
847 1073 948 1138 usque
971 1062 1104 1118 aetatem

2 1235 3 1256 χ
154 1169 311 1241 seruatam
342 1177 451 1231 contra
478 1167 511 1230 in
533 1163 621 1230 nulla
642 1165 846 1248 inscriptione
868 1163 1021 1243 Philensi,
1049 1185 1105 1229 ne·

50 1277 78 1368 J·
156 1297 218 1362 que
241 1279 395 1363 accipitris
417 1297 521 1364 neque
537 1275 673 1342 Osiridis
695 1277 812 1342 mentio
835 1273 888 1352 fin
910 1261 948 1341 ex
967 1275 1105 1366 sculptu-

154 1389 197 1450 ris
221 1385 357 1474 denique
380 1389 502 1477 templi,
532 1410 662 1476 quarum
691 1385 876 1474 significatio
898 1391 988 1452 nimis
1011 1386 1107 1454 ambi-
1228 1437 1235 1448 .

156 1520 217 1582 gun
240 1510 302 1577 est,
325 1499 512 1585 deprompta
535 1510 714 1586 argumenta
735 1510 899 1584 utramque
922 1501 1106 1564 sententiam

152 1609 209 1690 ¹vel
230 1621 373 1676 neutram
395 1609 614 1676 confirmanti
705 1591 727 1612 '⁸
893 1589 899 1604 ⁸

225 1721 362 1790 Centum
389 1723 561 1788 stadiorum
578 1677 804 1801 ,intervallum
837 1743 902 1810 quo
922 1723 1061 1809 Syenen
1089 1739 1108 1786 a
1149 1751 1247 1805 poppae
1264 1769 1282 1805 a

157 1834 254 1898 Philis
282 1831 557 1899 distare'affirmat
579 1833 694 1899 Strabo
717 1834 818 1911 XVII,
840 1856 870 1918 p.
894 1835 979 1911 818„
1003 1855 1109 1934 neque
1179 1822 1262 1892 Sym

160 1966 230 2007 cum
251 1947 382 2013 veritate
404 1967 511 2030 neque
535 1964 602 2008 cum
627 1946 791 2018 itinerariis
810 1940 981 2023 convenit,
1012 1953 1109 2030 quar'e
1150 1901 1279 2016 pppp‘ep‘p

159 2053 307 2119 uberiore
337 2060 534 2142 expositione
557 2056 721 2122 Strabonis
748 2051 854 2120 locum
873 2065 1107 2140 pertractemus.

159 2167 241 2234 Cum
269 2167 549 2254 Francogallorum
584 2169 760 2232 novissimis
795 2169 947 2232 mensuris
976 2143 1108 2272 corp’stet,

30 2343 35 2352 ,
159 2279 289 2364 Syenen
311 2283 468 2366 antiquam
492 2305 510 2344 a
532 2280 629 2345 Phirs
659 2279 781 2378 duabus
803 2279 880 2364 legis
903 2277 1034 2343 Gallicis
1056 2277 1110 2346 vel

159 2393 268 2456 30000
303 2391 437 2477 pedibus
466 2394 576 2458 Parisr·
601 2390 717 2460 distare
750 2429 790 2474 5·
822 2390 964 2455 anfractu
990 2393 1109 2457 viarum

159 2503 250 2567 simul
265 2515 445 2590 computato
461 2539 505 2552 -
519 2504 583 2568 hoc
593 2503 800 2596 fundamento
811 2504 945 2566 nitamur
956 2512 1109 2568 astrorum

161 2613 436 2682 observationibus
463 2614 603 2694 firmato,
634 2637 770 2702 quonum
799 2624 923 2677 ceterae
945 2635 1110 2680 mensurae

71 2785 76 2806 s
162 2730 411 2815 scriptorumque
433 2732 629 2793 narrationes
652 2725 868 2804 conciliandae
890 2735 963 2789 sunt
976 2723 1021 2806 *).
1060 2727 1113 2791 lti-

160 2841 317 2904 nerarium
338 2843 492 2907 Antonini
515 2835 584 2922 (ed.
607 2837 804 2924 wesseling.
826 2860 858 2924 p.
882 2837 966 2918 164)
988 2835 1097 2903 habet:

332 3003 488 3072 enicas
512 2975 552 3054 -’-
576 3001 729 3066 srr'nn.
751 3001 799 3066 M.
821 3001 857 3066 n
881 2999 935 3064 ur.
1008 2975 1012 2981 ’

163 3137 357 3233 Heliodorus
393 3189 431 3232 ex
459 3163 625 3231 Strabonis
657 3163 749 3243 loco,
781 3175 847 3228 tum
875 3125 1037 3248 temporis·
1050 3164 1113 3248 jam
1158 3187 1171 3276 p

163 3290 324 3367 corrupto,
339 3300 488 3344 numeros
506 3278 716 3363 desumpsisse
726 3274 864 3354 ridetur,
880 3295 950 3339 cum
964 3273 1111 3362 Aethiop.

200 3525 226 3595 “)
244 3523 326 3580 Linea
344 3533 415 3580 reeta
433 3521 521 3597 Syene
539 3520 646 3578 aPlrilis
664 3519 744 3577 distat
761 3517 904 3576 seeundum
920 3513 1114 3574 Lancretum

236 3610 387 3687 (Descripta
409 3610 443 3667 de
461 3607 550 3665 Philae
567 3627 593 3686 p.
612 3607 667 3678 30)
691 3611 761 3665 8300
778 3607 870 3662 metris
892 3606 1007 3676 (meires
1024 3599 1114 3662 defini-

235 3697 292 3766 tiss)
311 3697 354 3754 vel
370 3698 460 3753 mooe
477 3695 589 3775 pedibus
601 3693 692 3764 Paris,
710 3692 853 3750 secundum
869 3691 1032 3752 Nouetom
1049 3689 1115 3762 (tlt-

235 3786 334 3842 moires
354 3803 401 3843 sur
417 3783 538 3860 l'Egypte
555 3781 589 3853 ll,
604 3781 676 3853 240)
700 3783 772 3839 tlte
793 3783 859 3840 teris
879 3780 922 3838 vel
943 3781 1032 3846 msto
1054 3775 1115 3856 ped

235 3867 316 3930 Paris.
553 3927 558 3934 ,
633 3925 636 3933 ,
818 3889 828 3918 s
1004 3895 1007 3904 ·
