3002 4544
1041 335 1087 418 17

139 527 244 586 tantae
255 513 472 603 magnitudinis
484 513 628 582 aedificia
641 515 818 596 erexissent,
834 536 872 582 ex
880 514 1008 603 >templis
1021 521 1087 605 qul·
1142 531 1254 594 Praei
1410 541 1413 546 ·

139 629 211 696 dem
226 640 307 717 apta,
326 627 384 694 sed
395 649 476 715 quae
487 649 593 716 neque
607 632 730 716 pompis
742 650 847 717 neque
861 629 985 718 reliquo
998 631 1087 696 Ileo-
1332 630 1335 635 ’

138 763 208 808 nam
229 741 326 806 cultui
345 713 548 806 ibsemirent?
577 741 728 808 Caussam
749 745 838 806 sitam
853 763 922 808 esse
938 740 1088 808 censeba-

25 833 27 843 ¹
138 875 207 920 mus
220 856 254 919 in
270 864 336 920 arte
351 855 599 932 architectonica,
621 853 721 940 qualis
741 853 798 919 illo
814 863 956 941 tempore
970 854 1088 934 fuisset,

138 945 387 1056 rationibusque
403 987 480 1055 quas
492 967 642 1054 Aegyptii
653 968 752 1032 secuti
770 978 883 1032 essent.
915 967 994 1033 Non
1006 969 1087 1031 enim

137 1076 273 1167 probata
294 1076 388 1145 nobis
409 1077 534 1143 videtur
555 1099 665 1144 eorum
685 1082 847 1158 sententia,
874 1081 929 1166 qui
949 1077 1087 1166 pylones

138 1202 271 1278 propter
299 1193 438 1278 qtuinque
464 1189 518 1256 vel
539 1212 594 1256 sex
617 1213 768 1271 cameras,
797 1213 879 1280 quae
900 1190 1088 1278 plerumque

137 1305 172 1370 in
191 1307 229 1368 iis
250 1306 458 1382 inveniuntur,
479 1303 580 1370 factos
604 1327 672 1371 esse
694 1314 820 1392 putant;
843 1305 933 1390 q'uasi
952 1302 1087 1389 templo-

137 1435 207 1480 rum
227 1415 456 1483 institutoribus
478 1420 610 1501 spatimn
632 1415 789 1492 defuisset,
810 1415 865 1480 vel
879 1413 920 1480 ad
934 1411 1088 1479 servanda

138 1549 223 1606 vasa,
243 1527 297 1592 vel
319 1525 360 1590 ad
380 1523 580 1590 sacerdotum
602 1525 759 1590 domicilia
781 1523 979 1590 collocanda.
1015 1524 1088 1590 Neo

16 1635 17 1676 ³
137 1639 234 1724 magis
262 1637 367 1723 placet
389 1639 498 1722 opinio
522 1635 562 1702 ab
585 1637 652 1702 aliis
673 1634 812 1722 prolata,
840 1634 995 1722 pylonum
1024 1633 1089 1702 alas
1122 1635 1124 1640 ’

138 1725 334 1815 constructas
358 1769 428 1813 esse
442 1767 518 1812 rasus
534 1749 735 1813 astronomici
752 1767 876 1820 caussa3
899 1733 1090 1812 mnvmcun

138 1871 191 1924 tur
202 1862 284 1922 enim
293 1859 440 1942 proximis
451 1855 610 1920 montibus
620 1854 776 1940 pylonum
789 1855 982 1920 altitudinem
993 1858 1090 1944 longe

138 1963 361 2054 superantibus
381 1964 424 2046 ³⁸).
475 1963 563 2028 Nihil
584 1963 671 2028 aliud
693 1963 845 2028 curabant
865 1965 1025 2050 pylonum‘
1043 1991 1090 2033 ar-

16 2061 17 2064 *
138 2079 277 2155 cbitecti,
300 2097 393 2163 quam
414 2087 450 2141 ut
471 2075 580 2162 templi
599 2077 760 2140 introitum
781 2078 912 2140 maxima
934 2076 1089 2164 dignitatis

137 2191 246 2278 specie
268 2197 463 2255 exornarent
514 2185 662 2252 Latitudo
691 2185 815 2252 luminis
837 2198 949 2275 portae
971 2191 1090 2277 pende·

16 2315 18 2322 “
138 2301 195 2368 bat
218 2323 256 2367 ex
277 2298 442 2367 latitudine
463 2298 575 2386 lapidis
598 2302 796 2386 superpositi,
819 2301 874 2385 qui
893 2322 967 2367 raro
981 2305 1090 2390 viginti
1137 2385 1140 2390 β

138 2412 193 2479 vel
214 2414 322 2500 viginti
344 2409 610 2498 quinquepedes
639 2408 768 2476 excedit.
818 2411 857 2477 ld
883 2424 987 2478 autem
1015 2425 1090 2481 tem-

139 2526 266 2614 plorum
301 2521 504 2610 magnitudini
535 2543 603 2588 non
635 2521 798 2589 suffecisse
833 2535 978 2611 apparet,
1014 2547 1090 2611 qua-

140 2647 274 2725 propter
299 2637 429 2700 maxime
456 2631 655 2722 probandum
682 2645 743 2714 est,
771 2633 860 2721 quod
887 2633 929 2732 ad
951 2634 1091 2702 dextram

142 2759 176 2814 et
197 2747 350 2814 sinistram
370 2757 482 2835 portae
504 2745 604 2812 moles
625 2745 695 2812 illas
719 2747 897 2834 adjecerint,
919 2769 1001 2834 quae
1024 2746 1092 2813 alti-

85 2930 90 2952 .
142 2859 252 2928 tudine
281 2870 400 2925 ceteras
426 2857 535 2947 templi
556 2867 661 2944 partes
691 2869 875 2944 superantes
903 2881 941 2925 ex
968 2861 1091 2948 longin-
1131 2893 1132 2896 ¹

142 2993 209 3060 quo
231 2974 473 3060 prospicirmtm.
523 2967 625 3036 Nullo
648 2969 712 3036 alio
733 2970 832 3038 modo
853 2973 888 3038 in
908 2974 972 3039 hoc
994 2966 1092 3040 arcbi-

144 3129 346 3148 m·-

178 3216 202 3290 ’)
221 3215 337 3275 Omnino
353 3215 488 3294 probabile
505 3225 559 3286 est,
581 3214 769 3294 Aegyptiorum
792 3225 875 3273 artem
892 3213 1093 3273 astronomicam
1117 3282 1120 3286 ¹

214 3304 279 3363 nibil
295 3302 351 3360 fere
367 3305 419 3361 niai
435 3305 496 3360 anni
512 3286 606 3360 solans
622 3311 721 3359 rectam
732 3305 906 3380 cognitionem
917 3301 1092 3358 constituisse.

214 3391 247 3449 st
264 3389 329 3450 solia
345 3399 373 3449 et
389 3390 551 3468 planetarum
568 3399 655 3447 motae
671 3389 730 3466 lege
747 3392 811 3446 artis
822 3389 1010 3446 asuenomicae
1022 3407 1092 3446 eom·

214 3485 352 3556 putassent
376 3475 512 3554 literisque
538 3476 716 3544 mandassent,
750 3473 915 3532 Ptolemaeus
940 3474 1094 3533 Alexandri·

148 3567 151 3572 '
214 3585 278 3634 nus,
305 3563 384 3621 bomo
406 3562 631 3640 diligentissimus,
657 3563 866 3621 observationum
886 3566 1094 3640 aegyptiacarum

216 3654 377 3710 mentionem
394 3649 506 3708 lecisset.
538 3649 594 3708 Sed
611 3661 715 3730 praeter
733 3669 837 3727 graecas
854 3647 1006 3728 Hipparchi,
1023 3661 1092 3708 cete·

216 3741 253 3796 ris
271 3737 390 3795 omnibus
408 3737 604 3817 praecellentes,
622 3740 690 3795 inter
707 3739 915 3814 antiquissimas‚·
925 3746 982 3794 tres
993 3745 1095 3793 unurm

161 3861 164 3866 -
216 3821 373 3882 chaldaicas
390 3823 465 3882 lunae
483 3823 609 3896 duleum
627 3827 752 3884 octaua.
772 3822 822 3883 Cb
841 3843 868 3882 n.
884 3822 991 3892 mecub,
1007 3821 1096 3882 budae

216 3911 243 3970 in
260 3911 360 3987 Almag.
377 3910 424 3981 IV,
441 3915 465 3971 6.
834 3995 836 4002 y

873 4007 895 4070 2
