3002 4544
230 506 304 564 Pane
322 507 342 564 l.

396 311 480 390 56.

396 491 452 558 bet
475 489 712 571 dedicationem,
734 493 885 558 Veneri
901 493 1025 560 ,factam
1048 517 1066 560 a
1087 513 1176 580 rege,
1204 489 1344 579 Cleopa

397 616 446 670 tra
473 625 585 671 sorore
598 651 601 660 ·
615 617 647 670 et
674 601 848 692 Cleopatra
877 627 990 685 uxore,
1025 608 1107 670 circa
1136 626 1250 670 annum
1278 605 1342 668 127

398 739 425 782 a.
449 715 509 784 Ch.
533 739 563 782 n.
586 713 631 799 ¹⁸).
677 718 741 804 Qui
763 717 912 784 sacellum
935 742 953 784 a
974 741 1048 806 rege
1071 718 1255 784 Ptolemaeo
1277 717 1344 790 ,Ve-

397 830 466 894 neri
495 839 737 897 exstructum
766 853 835 896 esse
864 830 1010 911 credunt,
1039 853 1108 896 cum
1136 851 1245 917 parum
1263 849 1344 915 ‚pro-

397 939 505 1006 babile
533 945 591 1026 sit,
613 922 719 1027 regem
740 943 926 1030 Euergetem
948 945 987 1008 ΙΙ.
1015 945 1078 1008 boc
1107 943 1257 1009 sacellum
1279 940 1345 1006 cul-

397 1057 444 1118 tui
457 1055 654 1140 Aegyptiaco
679 1058 767 1140 quasi
790 1058 941 1142 eripuisse
957 1067 988 1121 et
1002 1055 1145 1122 Graecae
1160 1055 1252 1121 Deae
1268 1075 1343 1120 oon-

397 1187 555 1244 secrasse,
577 1203 622 1216 -
642 1170 666 1230 ii
686 1167 892 1254 perpendant,
914 1168 1018 1247 velim,
1038 1145 1232 1236 notissimum
1254 1166 1343 1231 illum

397 1275 595 1343 Graecorum
622 1298 756 1358 morem,
785 1301 849 1366 quo
874 1283 1001 1346 omnino
1023 1275 1135 1346 nullos'
1152 1282 1231 1348 alios
1253 1281 1344 1346 Deos

382 1395 589 1476 agnoscunt,¹
615 1413 708 1478 qrmm
730 1390 888 1471 Graecos,
912 1415 1032 1479 eosque
1055 1397 1146 1458 etiarn
1168 1393 1254 1479 apud
1274 1390 1345 1456 bar-

396 1500 503 1580 baros,
524 1513 644 1569 mutato
667 1514 770 1568 tamen
792 1509 929 1584 nomine,
951 1505 1011 1570 sibi
1032 1509 1173 1571 invenire
1188 1504 1342 1570 videntur.

396 1613 494 1700 Apud
514 1617 772 1701 scriptores.·non
794 1616 914 1704 legitur,
936 1619 1112 1704 Aegyptios
1134 1642 1163 1680 v.
1189 1640 1213 1680 c.
1234 1615 1346 1700 Neph-

397 1736 456 1812 tyn
485 1726 621 1806 colere„
638 1725 695 1792 sed
723 1730 883 1794 Venerem
912 1729 953 1794 ab
980 1732 1017 1794 iis
1040 1731 1194 1816 Nephtyn
1217 1727 1343 1804 dictam;

396 1841 439 1904 ita
462 1833 564 1904 Osiris
587 1821 656 1906 cdm
678 1836 805 1908 Baccho
831 1854 863 1909 et
883 1845 977 1922 Jove,
998 1845 1056 1907 Isis
1079 1865 1148 1908 cum
1169 1843 1216 1919 Io,
1237 1840 1345 1904 Horus

296 1995 301 2006 ,
349 2039 351 2044 Ι
392 1943 468 2016 'cum
490 1951 642 2038 Apolline
665 1962 723 2015 etc.
744 1955 997 2031 confunduntur,
1019 1956 1103 2018 unde
1125 1929 1346 2018 inextricabilis

396 2060 452 2125 ille
475 2081 569 2123 error
589 2059 804 2144 mythologiae
820 2065 1034 2147 Aegyptiacae
1059 2084 1077 2125 a
1099 2061 1230 2128 Graecis
1251 2060 1345 2128 nobis

396 2181 539 2236 servatae
576 2180 624 2235 est
657 2179 744 2234 ortus
774 2169 840 2251 **).
898 2169 1023 2256 Quibus
1058 2177 1245 2259 perspectis,
1278 2195 1347 2240 non

398 2280 534 2348 absurda
567 2281 693 2347 videtur
726 2286 850 2370 opinio,
883 2285 1070 2378 Euergetem
1098 2287 1137 2350 ΙΙ.
1166 2289 1199 2367 in
1225 2287 1345 2374 templo

396 2397 593 2482 Aegyptiaco
617 2395 736 2482 Nephti
765 2393 922 2462 exsaucto
950 2407 1060 2462 vottnn
1081 2400 1202 2464 Veneri
1229 2399 1346 2467 facturn

217 2533 220 2558 ι
283 2591 286 2596 Ι
397 2527 491 2594 supra
520 2511 633 2593 pronai
660 2520 784 2594 portam
817 2510 1026 2596 inscripsisse,
1059 2510 1092 2575 id
1127 2511 1215 2598 quod
1240 2512 1345 2578 rcultui

209 2744 362 2800 Caniculae.

396 2623 598 2708 Aegyptiaco
621 2621 742 2712 nullum
767 2620 911 2686 damnum
937 2623 1052 2686 afferre
1074 2617 1178 2709 potuit
1191 2621 1277 2706 m).

462 2735 549 2798 lnter
570 2734 720 2798 sacellmn
742 2736 813 2816 (m)
844 2746 876 2798 et
897 2735 995 2820 ripam
1016 2727 1144 2801 insulae
1161 2737 1344 2802 orientalem

395 2849 540 2910 introitus
565 2856 611 2910 est
634 2845 673 2910 ad
696 2845 873 2912 cuniculum
897 2849 960 2929 (n)
987 2847 1093 2934 lapide
1117 2839 1273 2934 quadrato
1294 2872 1345 2914 ex-

344 2958 347 2964 ’
396 2969 554 3036 structum,
576 2970 662 3023 recta
684 2958 766 3024 linea
790 2957 830 3023 ad
852 2963 1006 3045 porticum
1029 2960 1212 3026 orientalem
1235 2961 1345 3026 decur-

395 3082 532 3136 rentem·
581 3071 704 3136 Paucos
738 3082 856 3137 tantum
889 3069 999 3157 passus
1031 3073 1065 3136 in
1099 3094 1138 3137 eo
1168 3075 1344 3160 procedere

395 3203 481 3251 nunc
509 3183 597 3248 licet:
625 3182 746 3270 lapides
777 3187 857 3248 enim
888 3187 986 3270 sparsi
1015 3184 1268 3272 progredientem
1286 3191 1344 3252 im-

396 3297 535 3384 pediunt,
557 3317 630 3362 mox
652 3299 787 3384 parietes
811 3296 944 3385 collapsi
959 3299 1041 3361 viam
1056 3296 1151 3384 plane
1167 3299 1343 3379 obstruunt,

431 3571 454 3640 ')
472 3546 605 3646 Letrdnne
622 3570 640 3626 l.
658 3571 675 3628 l.
694 3583 719 3649 p.
738 3574 778 3628 90.
1144 3635 1147 3640 Α
1238 3653 1241 3660 Α

432 3672 466 3743 “)
484 3669 516 3728 cl.
534 3671 632 3728 Herod.
650 3671 694 3728 lib.
712 3673 743 3730 lt.
779 3673 907 3731 Plutarch.
926 3675 959 3732 de
977 3675 1045 3734 lside
1064 3689 1092 3734 ct
1109 3679 1223 3739 Osiride.
1261 3681 1343 3740 Diod.

467 3757 521 3842 Sic.
537 3757 619 3816 libl
827 3831 834 3842 ,
1018 3769 1021 3775 '

431 3861 475 3934 ⁹⁸)
494 3857 627 3920 betrcnne
644 3861 661 3918 l.
679 3859 694 3918 l.
714 3880 739 3938 p.
759 3865 799 3919 ut.
