3002 4544
402 280 475 353 104

225 464 300 522 Pais
319 465 352 524 11.
478 457 721 536 Raetcrmissis,
744 479 832 543 ,quae
854 462 1088 547 peregrinantes
1110 461 1228 528 saeculi
1249 463 1346 528 XVII.
1446 487 1453 501 ·

232 579 356 664 Viatores
401 569 606 648 tradiderunt,
627 570 815 657 plemmque
834 575 953 639 incerta
974 574 1028 639 vel
1050 595 1119 638 cum
1140 573 1227 640 falsis
1249 553 1372 651 mixtas

207 661 372 742 '‘⁶³3¹”⁰'‘⁸'
402 685 530 768 primam
566 683 724 748 Philamm
761 697 935 750 accuratam
970 690 1111 752 notitiam
1143 686 1231 752 dedit
1263 686 1345 752 Frid.

402 795 434 859 Ν
441 795 630 861 ordonius
653 794 704 877 ¹⁵),
727 799 782 882 qui
803 819 887 862 anno
912 800 996 866 1737
1020 810 1179 886 permeata
1200 799 1347 885 Aegypto

400 929 512 994 magna
546 931 615 974 cunr
642 913 876 994 perseverantia
904 933 1005 998 usque
1034 911 1075 977 ad
1099 911 1256 998 oppidum
1284 912 1349 976 Nu-

400 1017 512 1086 biense
546 1021 633 1085 Derr
665 1025 828 1106 processit.
892 1023 1047 1089 Tabulam
1084 1024 1206 1089 insulae
1247 1045 1349 1088 exara-

400 1134 460 1209 vit,
503 1154 609 1218 neque
653 1144 782 1198 tamen*
801 1157 883 1220 quae
923 1148 1043 1202 rectum
1068 1147 1349 1222 ¹monumentorum

400 1245 491 1308 situm
514 1243 669 1312 ostendet.
708 1248 1005 1332 Varios,Philanmr
1027 1239 1214 1336 prospectus
1237 1259 1269 1312 et
1289 1251 1350 1312 sin-

400 1354 487 1456 gulas
499 1356 698 1443 templorum
721 1371 826 1445 partes
850 1365 1002 1448 expressit
1023 1359 1137 1427 tabulis
1153 1349 1348 1426 lto-138.

400 1469 598 1535 lto-lte.
645 1469 727 1537 Cum
752 1493 812 1557 per
833 1495 927 1538 unam
949 1485 1067 1540 tantum
1089 1485 1215 1540 noctem
1236 1471 1283 1538 ibi
1302 1493 1350 1536 re-
1478 1501 1479 1510 ¹

293 1641 294 1646 ,
398 1585 560 1658 manserit,
589 1581 641 1647 die
663 1597 816 1670 sequente
841 1609 859 1650 a
880 1585 984 1651 Nubis
1005 1561 1284 1673 fugatur,'·magna
1306 1582 1350 1646 di-

399 1691 527 1780 ligentia
551 1697 663 1780 quaeri
684 1719 751 1762 non
766 1708 874 1783 potest
889 1701 922 1763 in
938 1698 1062 1784 tabulis„
1095 1675 1214 1763 Nullos
1229 1696 1285 1761 ille
1304 1697 1350 1758 in·
1464 1749 1468 1761 r

399 1806 486 1872 colas
514 1809 548 1872 in
576 1808 679 1874 insula
705 1813 831 1898 rapen't.
890 1811 1016 1876 Eodem
1045 1831 1129 1876 anno
1159 1811 1247 1876 Rich.
1278 1809 1350 1872 Po-

399 1919 563 1985 cockius
590 1921 769 2008 Aegyptum
792 1927 987 2010 superiorem
1008 1926 1157 2000 visitavit,
1185 1923 1350 2008 magnique

396 2029 507 2113 templi
535 2031 688 2092 Philensis
722 2032 860 2093 tabulam
888 2032 1071 2113 proposuit,
1107 2031 1213 2092 addita
1240 2048 1351 2092 monu-

395 2150 573 2204 mentorum
606 2137 754 2202 uberiore
789 2138 1000 2223 descriptione
1028 2137 1094 2218 *ἢ
1150 2139 1266 2225 Neque
1299 2141 1351 2204 hic

395 2253 445 2314 vir
474 2251 615 2334 egregius
645 2246 700 2312 diu
720 2247 765 2312 ibi
788 2237 997 2315 commoratus
1013 2261 1082 2334 est,
1111 2249 1168 2318 sed
1190 2230 1366 2316 Arabibus
1426 2228 1428 2233 .

394 2361 558 2428 infestatus
572 2361 782 2447 stutimquasi
796 2361 914 2446 templa
929 2364 1064 2428 visitavit
1076 2374 1107 2426 et
1122 2361 1279 2427 dimetitus
1294 2373 1349 2441 est,

394 2473 429 2540 id
444 2472 533 2561 quod
549 2473 755 2538 delineationi
770 2475 860 2538 etiam
876 2473 1095 2539 detrimentum
1106 2473 1223 2538 intulit
1261 2474 1348 2538 Idem

393 2590 427 2656 in
449 2588 674 2653 Deuonium
690 2583 769 2667 m)
792 2585 889 2664 cadit,
911 2589 961 2650 cui
982 2588 1065 2651 inter
1085 2586 1250 2656 tumultum
1271 2586 1349 2650 mili-

393 2712 493 2767 tarem
520 2697 747 2786 perscrutanda
775 2699 834 2763 fuit
860 2698 972 2764 insula.
1022 2685 1202 2783 Postquam
1215 2720 1274 2785 per
1295 2701 1348 2763 tri-

394 2811 490 2878 duum
504 2810 707 2896 Francogalli
720 2811 826 2875 Philas
842 2809 1010 2876 obsidione
1024 2821 1212 2896 presserant,
1233 2821 1346 2896 quarto

394 2925 461 3003 die,
482 2923 602 2989 ratibus
624 2926 811 2988 constructis
831 2923 940 2988 Nilum
962 2927 1158 3011 transgressi,
1186 2930 1346 3007 ceperunt,

301 3021 305 3030 ,
357 3083 361 3089 ·
393 3037 523 3114 incolis,
547 3034 661 3121 quibus
682 3035 799 3101 referta
822 3047 889 3102 erat
910 3037 1022 3115 insula,
1044 3035 1202 3101 trucidatis
1221 3032 1276 3098 vel
1297 3033 1347 3098 fu-

393 3152 479 3236 gatis.
527 3149 632 3235 Quam
653 3147 824 3238 Denonius
843 3146 1171 3236 proposuit'tahulam
1193 3146 1254 3230 (Pl.
1279 3148 1345 3228 to),

590 3300 592 3304 s
1265 3258 1345 3322 mul-
1388 3269 1391 3276 ’

449 3441 528 3500 ‘quas
555 3422 664 3491 hebent,
691 3419 816 3498 praesidii
837 3417 937 3476 serendi
960 3427 1056 3487 testes,
1082 3400 1194 3495 ideoque
1218 3415 1251 3474 ab
1272 3418 1346 3474 omni

389 3571 392 3578 Δ
462 3509 582 3586 vectigali
600 3518 628 3566 et
645 3508 776 3586 stipendio
794 3509 922 3563 immunes
939 3513 1008 3561 sunt.

427 3597 455 3669 *)
482 3596 593 3655 Norden
614 3595 736 3670 Voyages
764 3592 804 3650 ed.
828 3590 941 3666 Langlis.
986 3589 1060 3648 Paris
1084 3595 1161 3654 1795,
1188 3595 1242 3650 dto.
1266 3591 1344 3649 Tom„

426 3684 693 3841 “dnlddecaockdssa
709 3765 880 3844 Description
898 3763 929 3821 oi
942 3765 986 3822 the
1003 3764 1076 3822 East.
1089 3763 1149 3822 vot.
1161 3765 1180 3825 1.
1193 3765 1231 3824 Pl.
1243 3763 1343 3823 XLIX.

425 3857 773 4015 '‘*gadldcdnodzl'oyage
791 3959 824 3995 en
840 3938 951 4016 Egypto.
969 3937 1042 3996 Paris
1061 3940 1137 3996 1802.
1155 3938 1199 3996 iol.
