<?xml version="1.0" encoding="UTF-8"?>
<!DOCTYPE html PUBLIC "-//W3C//DTD XHTML 1.0 Transitional//EN"
    "http://www.w3.org/TR/xhtml1/DTD/xhtml1-transitional.dtd">
<html xmlns="http://www.w3.org/1999/xhtml" xml:lang="en" lang="en">
 <head>
  <title>
</title>
<meta http-equiv="Content-Type" content="text/html;charset=utf-8" />
  <meta name='ocr-system' content='tesseract 3.04.00' />
  <meta name='ocr-capabilities' content='ocr_page ocr_carea ocr_par ocr_line ocrx_word'/>
</head>
<body>
  <div class='ocr_page' id='page_1' title='image "./dephilisinsulae01partgoog_0025.png"; bbox 0 0 3002 4544; ppageno 0'>
   <div class='ocr_carea' id='block_1_1' title="bbox 386 293 436 373">
    <p class='ocr_par' dir='ltr' id='par_1_1' title="bbox 386 293 436 373">
     <span class='ocr_line' id='line_1_1' title="bbox 386 293 436 373; baseline 0.02 -1"><span class='ocrx_word' id='word_1_1' title='bbox 386 293 436 373; x_wconf 72' lang='lat'><strong>12</strong></span> 
     </span>
    </p>
   </div>
   <div class='ocr_carea' id='block_1_2' title="bbox 157 470 1484 3692">
    <p class='ocr_par' dir='ltr' id='par_1_2' title="bbox 217 470 1349 2455">
     <span class='ocr_line' id='line_1_2' title="bbox 217 470 1334 560; baseline -0.007 -14"><span class='ocrx_word' id='word_1_2' title='bbox 217 485 330 548; x_wconf 72' lang='lat' dir='ltr'><strong>Pani</strong></span> <span class='ocrx_word' id='word_1_3' title='bbox 385 477 434 552; x_wconf 80' lang='lat' dir='ltr'><strong>tis</strong></span> <span class='ocrx_word' id='word_1_4' title='bbox 454 470 664 560; x_wconf 78' lang='lat' dir='ltr'><strong>muspsurm„</strong></span> <span class='ocrx_word' id='word_1_5' title='bbox 692 482 781 559; x_wconf 85' lang='lat' dir='ltr'><strong>parte</strong></span> <span class='ocrx_word' id='word_1_6' title='bbox 810 470 998 540; x_wconf 88' lang='lat' dir='ltr'><strong>occidentali</strong></span> <span class='ocrx_word' id='word_1_7' title='bbox 1018 474 1114 560; x_wconf 79' lang='lat' dir='ltr'><strong>magis</strong></span> <span class='ocrx_word' id='word_1_8' title='bbox 1135 473 1256 558; x_wconf 82' lang='lat' dir='ltr'><strong>integer</strong></span> <span class='ocrx_word' id='word_1_9' title='bbox 1277 482 1334 552; x_wconf 90' lang='lat' dir='ltr'><strong>est,</strong></span> 
     </span>
     <span class='ocr_line' id='line_1_3' title="bbox 385 584 1334 674; baseline -0.004 -20"><span class='ocrx_word' id='word_1_10' title='bbox 385 609 478 674; x_wconf 86' lang='lat' dir='ltr'><strong>quam</strong></span> <span class='ocrx_word' id='word_1_11' title='bbox 501 584 654 652; x_wconf 80' lang='lat' dir='ltr'><strong>orientali.</strong></span> <span class='ocrx_word' id='word_1_12' title='bbox 697 585 827 673; x_wconf 81' lang='lat' dir='ltr'><strong>Operae</strong></span> <span class='ocrx_word' id='word_1_13' title='bbox 847 589 982 671; x_wconf 91' lang='lat' dir='ltr'><strong>pretium</strong></span> <span class='ocrx_word' id='word_1_14' title='bbox 1002 585 1135 664; x_wconf 88' lang='lat' dir='ltr'><strong>videtur,</strong></span> <span class='ocrx_word' id='word_1_15' title='bbox 1156 584 1250 671; x_wconf 91' lang='lat' dir='ltr'><strong>plane</strong></span> <span class='ocrx_word' id='word_1_16' title='bbox 1271 587 1334 650; x_wconf 89' lang='lat' dir='ltr'><strong>sin-</strong></span> 
     </span>
     <span class='ocr_line' id='line_1_4' title="bbox 384 694 1334 786; baseline -0.005 -20"><span class='ocrx_word' id='word_1_17' title='bbox 384 699 523 786; x_wconf 70' lang='lat' dir='ltr'><strong>gularem</strong></span> <span class='ocrx_word' id='word_1_18' title='bbox 544 699 624 765; x_wconf 83' lang='lat' dir='ltr'><strong>nuni</strong></span> <span class='ocrx_word' id='word_1_19' title='bbox 646 700 911 763; x_wconf 85' lang='lat' dir='ltr'><strong>constructionem</strong></span> <span class='ocrx_word' id='word_1_20' title='bbox 933 735 977 748; x_wconf 93' lang='lat'><em>-</em></span> <span class='ocrx_word' id='word_1_21' title='bbox 999 700 1087 786; x_wconf 89' lang='lat' dir='ltr'><strong>cujus</strong></span> <span class='ocrx_word' id='word_1_22' title='bbox 1109 699 1238 782; x_wconf 79' lang='lat' dir='ltr'><strong>vestigia</strong></span> <span class='ocrx_word' id='word_1_23' title='bbox 1259 694 1334 761; x_wconf 87' lang='lat' dir='ltr'><strong>Ele-</strong></span> 
     </span>
     <span class='ocr_line' id='line_1_5' title="bbox 383 807 1332 900; baseline 0 -24"><span class='ocrx_word' id='word_1_24' title='bbox 383 813 534 900; x_wconf 85' lang='lat' dir='ltr'><strong>phantine</strong></span> <span class='ocrx_word' id='word_1_25' title='bbox 562 828 692 896; x_wconf 89' lang='lat' dir='ltr'><strong>quoque</strong></span> <span class='ocrx_word' id='word_1_26' title='bbox 718 811 918 897; x_wconf 85' lang='lat' dir='ltr'><strong>reperiuntur</strong></span> <span class='ocrx_word' id='word_1_27' title='bbox 946 847 989 858; x_wconf 90' lang='lat'><strong>--</strong></span> <span class='ocrx_word' id='word_1_28' title='bbox 1016 811 1050 875; x_wconf 89' lang='lat' dir='ltr'><strong>in</strong></span> <span class='ocrx_word' id='word_1_29' title='bbox 1075 821 1164 898; x_wconf 89' lang='lat' dir='ltr'><strong>parte</strong></span> <span class='ocrx_word' id='word_1_30' title='bbox 1196 807 1332 888; x_wconf 89' lang='lat' dir='ltr'><strong>insulae,</strong></span> 
     </span>
     <span class='ocr_line' id='line_1_6' title="bbox 384 920 1333 1010; baseline -0.003 -21"><span class='ocrx_word' id='word_1_31' title='bbox 384 922 525 989; x_wconf 81' lang='lat' dir='ltr'><strong>Africum</strong></span> <span class='ocrx_word' id='word_1_32' title='bbox 557 931 720 1008; x_wconf 82' lang='lat' dir='ltr'><strong>spectante</strong></span> <span class='ocrx_word' id='word_1_33' title='bbox 754 924 861 1010; x_wconf 90' lang='lat' dir='ltr'><strong>paucis</strong></span> <span class='ocrx_word' id='word_1_34' title='bbox 895 923 1055 1008; x_wconf 84' lang='lat' dir='ltr'><strong>attingere.</strong></span> <span class='ocrx_word' id='word_1_35' title='bbox 1110 920 1223 987; x_wconf 87' lang='lat' dir='ltr'><strong>intima</strong></span> <span class='ocrx_word' id='word_1_36' title='bbox 1250 923 1333 986; x_wconf 91' lang='lat' dir='ltr'><strong>euim</strong></span> 
     </span>
     <span class='ocr_line' id='line_1_7' title="bbox 383 1023 1333 1121; baseline 0.001 -23"><span class='ocrx_word' id='word_1_37' title='bbox 383 1023 464 1108; x_wconf 75' lang='lat' dir='ltr'><strong>muri</strong></span> <span class='ocrx_word' id='word_1_38' title='bbox 484 1053 566 1120; x_wconf 82' lang='lat' dir='ltr'><strong>pars,</strong></span> <span class='ocrx_word' id='word_1_39' title='bbox 589 1031 807 1098; x_wconf 83' lang='lat' dir='ltr'><strong>observaveris</strong></span> <span class='ocrx_word' id='word_1_40' title='bbox 829 1055 898 1098; x_wconf 93' lang='lat' dir='ltr'><strong>eam</strong></span> <span class='ocrx_word' id='word_1_41' title='bbox 918 1032 971 1097; x_wconf 91' lang='lat' dir='ltr'><strong>vel</strong></span> <span class='ocrx_word' id='word_1_42' title='bbox 995 1055 1012 1097; x_wconf 89' lang='lat' dir='ltr'><strong>e</strong></span> <span class='ocrx_word' id='word_1_43' title='bbox 1035 1035 1150 1121; x_wconf 85' lang='lat' dir='ltr'><strong>scapha</strong></span> <span class='ocrx_word' id='word_1_44' title='bbox 1170 1033 1223 1099; x_wconf 91' lang='lat' dir='ltr'><strong>vel</strong></span> <span class='ocrx_word' id='word_1_45' title='bbox 1245 1057 1264 1097; x_wconf 89' lang='lat' dir='ltr'><strong>a</strong></span> <span class='ocrx_word' id='word_1_46' title='bbox 1284 1031 1333 1099; x_wconf 88' lang='lat' dir='ltr'><strong>lit-</strong></span> 
     </span>
     <span class='ocr_line' id='line_1_8' title="bbox 383 1141 1349 1232; baseline -0.004 -19"><span class='ocrx_word' id='word_1_47' title='bbox 383 1155 454 1213; x_wconf 91' lang='lat' dir='ltr'><strong>tore</strong></span> <span class='ocrx_word' id='word_1_48' title='bbox 477 1147 627 1232; x_wconf 87' lang='lat' dir='ltr'><strong>opposito</strong></span> <span class='ocrx_word' id='word_1_49' title='bbox 648 1144 770 1210; x_wconf 86' lang='lat' dir='ltr'><strong>insulae</strong></span> <span class='ocrx_word' id='word_1_50' title='bbox 792 1145 913 1231; x_wconf 84' lang='lat' dir='ltr'><strong>Bageh,</strong></span> <span class='ocrx_word' id='word_1_51' title='bbox 935 1165 1003 1210; x_wconf 92' lang='lat' dir='ltr'><strong>non</strong></span> <span class='ocrx_word' id='word_1_52' title='bbox 1025 1143 1230 1210; x_wconf 87' lang='lat' dir='ltr'><strong>adamussim</strong></span> <span class='ocrx_word' id='word_1_53' title='bbox 1253 1141 1349 1210; x_wconf 79' lang='lat' dir='ltr'><strong>dire&#39;</strong></span> 
     </span>
     <span class='ocr_line' id='line_1_9' title="bbox 383 1253 1334 1343; baseline -0.001 -20"><span class='ocrx_word' id='word_1_54' title='bbox 383 1268 434 1324; x_wconf 87' lang='lat' dir='ltr'><strong>cta</strong></span> <span class='ocrx_word' id='word_1_55' title='bbox 456 1267 513 1336; x_wconf 67' lang='lat' dir='ltr'><strong>est,</strong></span> <span class='ocrx_word' id='word_1_56' title='bbox 535 1253 593 1322; x_wconf 90' lang='lat' dir='ltr'><strong>sed</strong></span> <span class='ocrx_word' id='word_1_57' title='bbox 615 1255 723 1322; x_wconf 88' lang='lat' dir='ltr'><strong>circuli</strong></span> <span class='ocrx_word' id='word_1_58' title='bbox 743 1260 915 1322; x_wconf 87' lang='lat' dir='ltr'><strong>sectionem</strong></span> <span class='ocrx_word' id='word_1_59' title='bbox 931 1278 1101 1322; x_wconf 87' lang='lat' dir='ltr'><strong>concavam</strong></span> <span class='ocrx_word' id='word_1_60' title='bbox 1116 1257 1249 1336; x_wconf 82' lang='lat' dir='ltr'><strong>exhibet,</strong></span> <span class='ocrx_word' id='word_1_61' title='bbox 1270 1278 1334 1343; x_wconf 86' lang='lat' dir='ltr'><strong>qua</strong></span> 
     </span>
     <span class='ocr_line' id='line_1_10' title="bbox 383 1364 1333 1457; baseline -0.003 -21"><span class='ocrx_word' id='word_1_62' title='bbox 383 1364 490 1457; x_wconf 83' lang='lat' dir='ltr'><strong>operis</strong></span> <span class='ocrx_word' id='word_1_63' title='bbox 517 1364 660 1434; x_wconf 78' lang='lat' dir='ltr'><strong>soliditas</strong></span> <span class='ocrx_word' id='word_1_64' title='bbox 686 1367 816 1434; x_wconf 79' lang='lat' dir='ltr'><strong>mulmm</strong></span> <span class='ocrx_word' id='word_1_65' title='bbox 845 1378 983 1455; x_wconf 81' lang='lat' dir='ltr'><strong>augetur.</strong></span> <span class='ocrx_word' id='word_1_66' title='bbox 1035 1369 1106 1434; x_wconf 90' lang='lat' dir='ltr'><strong>Nee</strong></span> <span class='ocrx_word' id='word_1_67' title='bbox 1132 1380 1237 1436; x_wconf 89' lang='lat' dir='ltr'><strong>tamen</strong></span> <span class='ocrx_word' id='word_1_68' title='bbox 1264 1380 1333 1434; x_wconf 90' lang='lat' dir='ltr'><strong>tota</strong></span> 
     </span>
     <span class='ocr_line' id='line_1_11' title="bbox 381 1478 1333 1548; baseline 0 -2"><span class='ocrx_word' id='word_1_69' title='bbox 381 1480 485 1547; x_wconf 91' lang='lat' dir='ltr'><strong>insula</strong></span> <span class='ocrx_word' id='word_1_70' title='bbox 506 1480 588 1548; x_wconf 85' lang='lat' dir='ltr'><strong>hanc</strong></span> <span class='ocrx_word' id='word_1_71' title='bbox 616 1478 805 1546; x_wconf 87' lang='lat' dir='ltr'><strong>aedificandi</strong></span> <span class='ocrx_word' id='word_1_72' title='bbox 832 1484 985 1546; x_wconf 87' lang='lat' dir='ltr'><strong>rationem</strong></span> <span class='ocrx_word' id='word_1_73' title='bbox 1007 1479 1175 1546; x_wconf 85' lang='lat' dir='ltr'><strong>adhibitam</strong></span> <span class='ocrx_word' id='word_1_74' title='bbox 1197 1503 1267 1548; x_wconf 90' lang='lat' dir='ltr'><strong>esse</strong></span> <span class='ocrx_word' id='word_1_75' title='bbox 1288 1483 1333 1546; x_wconf 91' lang='lat' dir='ltr'><strong>vi-</strong></span> 
     </span>
     <span class='ocr_line' id='line_1_12' title="bbox 383 1590 1332 1679; baseline 0 -23"><span class='ocrx_word' id='word_1_76' title='bbox 383 1591 498 1672; x_wconf 87' lang='lat' dir='ltr'><strong>dimus,</strong></span> <span class='ocrx_word' id='word_1_77' title='bbox 526 1590 582 1656; x_wconf 92' lang='lat' dir='ltr'><strong>ubi</strong></span> <span class='ocrx_word' id='word_1_78' title='bbox 610 1594 692 1659; x_wconf 93' lang='lat' dir='ltr'><strong>enim</strong></span> <span class='ocrx_word' id='word_1_79' title='bbox 719 1591 859 1657; x_wconf 85' lang='lat' dir='ltr'><strong>firmiore</strong></span> <span class='ocrx_word' id='word_1_80' title='bbox 888 1615 968 1679; x_wconf 92' lang='lat' dir='ltr'><strong>rupe</strong></span> <span class='ocrx_word' id='word_1_81' title='bbox 989 1593 1063 1657; x_wconf 91' lang='lat' dir='ltr'><strong>litus</strong></span> <span class='ocrx_word' id='word_1_82' title='bbox 1085 1597 1234 1657; x_wconf 91' lang='lat' dir='ltr'><strong>munitum</strong></span> <span class='ocrx_word' id='word_1_83' title='bbox 1258 1603 1332 1670; x_wconf 84' lang='lat' dir='ltr'><strong>erat,</strong></span> 
     </span>
     <span class='ocr_line' id='line_1_13' title="bbox 381 1700 1333 1791; baseline -0.002 -23"><span class='ocrx_word' id='word_1_84' title='bbox 381 1701 431 1791; x_wconf 29' lang='lat' dir='ltr'><strong>ibi·</strong></span> <span class='ocrx_word' id='word_1_85' title='bbox 447 1702 544 1769; x_wconf 88' lang='lat' dir='ltr'><strong>solito</strong></span> <span class='ocrx_word' id='word_1_86' title='bbox 566 1701 664 1768; x_wconf 92' lang='lat' dir='ltr'><strong>modo</strong></span> <span class='ocrx_word' id='word_1_87' title='bbox 687 1701 890 1784; x_wconf 85' lang='lat' dir='ltr'><strong>fundamenta</strong></span> <span class='ocrx_word' id='word_1_88' title='bbox 912 1707 1071 1769; x_wconf 83' lang='lat' dir='ltr'><strong>exstruere</strong></span> <span class='ocrx_word' id='word_1_89' title='bbox 1085 1715 1134 1767; x_wconf 88' lang='lat' dir='ltr'><strong>sat</strong></span> <span class='ocrx_word' id='word_1_90' title='bbox 1147 1700 1333 1781; x_wconf 77' lang='lat' dir='ltr'><strong>habuerunt,</strong></span> 
     </span>
     <span class='ocr_line' id='line_1_14' title="bbox 381 1813 1334 1908; baseline -0.003 -28"><span class='ocrx_word' id='word_1_91' title='bbox 381 1813 437 1880; x_wconf 90' lang='lat' dir='ltr'><strong>ubi</strong></span> <span class='ocrx_word' id='word_1_92' title='bbox 459 1825 563 1882; x_wconf 90' lang='lat' dir='ltr'><strong>autem</strong></span> <span class='ocrx_word' id='word_1_93' title='bbox 584 1813 657 1880; x_wconf 87' lang='lat' dir='ltr'><strong>litus</strong></span> <span class='ocrx_word' id='word_1_94' title='bbox 679 1815 779 1880; x_wconf 84' lang='lat' dir='ltr'><strong>minus</strong></span> <span class='ocrx_word' id='word_1_95' title='bbox 801 1827 900 1882; x_wconf 91' lang='lat' dir='ltr'><strong>tutum</strong></span> <span class='ocrx_word' id='word_1_96' title='bbox 924 1827 998 1895; x_wconf 89' lang='lat' dir='ltr'><strong>erat,</strong></span> <span class='ocrx_word' id='word_1_97' title='bbox 1023 1824 1059 1881; x_wconf 94' lang='lat' dir='ltr'><strong>ut</strong></span> <span class='ocrx_word' id='word_1_98' title='bbox 1079 1817 1113 1880; x_wconf 92' lang='lat' dir='ltr'><strong>in</strong></span> <span class='ocrx_word' id='word_1_99' title='bbox 1133 1824 1222 1901; x_wconf 86' lang='lat' dir='ltr'><strong>parte</strong></span> <span class='ocrx_word' id='word_1_100' title='bbox 1243 1816 1334 1908; x_wconf 82' lang='lat' dir='ltr'><strong>rneri-</strong></span> 
     </span>
     <span class='ocr_line' id='line_1_15' title="bbox 381 1925 1333 2008; baseline 0.002 -16"><span class='ocrx_word' id='word_1_101' title='bbox 381 1926 510 2008; x_wconf 86' lang='lat' dir='ltr'><strong>dionali,</strong></span> <span class='ocrx_word' id='word_1_102' title='bbox 531 1925 576 1992; x_wconf 91' lang='lat' dir='ltr'><strong>ibi</strong></span> <span class='ocrx_word' id='word_1_103' title='bbox 597 1925 780 1996; x_wconf 89' lang='lat' dir='ltr'><strong>solidiorem</strong></span> <span class='ocrx_word' id='word_1_104' title='bbox 795 1927 982 1992; x_wconf 87' lang='lat' dir='ltr'><strong>aedificandi</strong></span> <span class='ocrx_word' id='word_1_105' title='bbox 996 1931 1151 1994; x_wconf 90' lang='lat' dir='ltr'><strong>rationem</strong></span> <span class='ocrx_word' id='word_1_106' title='bbox 1165 1925 1333 2006; x_wconf 84' lang='lat' dir='ltr'><strong>malebant,</strong></span> 
     </span>
     <span class='ocr_line' id='line_1_16' title="bbox 381 2034 1332 2126; baseline 0 -26"><span class='ocrx_word' id='word_1_107' title='bbox 381 2058 482 2123; x_wconf 85' lang='lat' dir='ltr'><strong>quae,</strong></span> <span class='ocrx_word' id='word_1_108' title='bbox 498 2038 641 2120; x_wconf 86' lang='lat' dir='ltr'><strong>¹quamvis</strong></span> <span class='ocrx_word' id='word_1_109' title='bbox 664 2034 791 2098; x_wconf 85' lang='lat' dir='ltr'><strong>fornicis</strong></span> <span class='ocrx_word' id='word_1_110' title='bbox 814 2039 951 2119; x_wconf 89' lang='lat' dir='ltr'><strong>speciem</strong></span> <span class='ocrx_word' id='word_1_111' title='bbox 973 2036 1119 2120; x_wconf 87' lang='lat' dir='ltr'><strong>praebet,</strong></span> <span class='ocrx_word' id='word_1_112' title='bbox 1141 2039 1265 2100; x_wconf 89' lang='lat' dir='ltr'><strong>minime</strong></span> <span class='ocrx_word' id='word_1_113' title='bbox 1287 2048 1332 2126; x_wconf 84' lang='lat' dir='ltr'><strong>ta-</strong></span> 
     </span>
     <span class='ocr_line' id='line_1_17' title="bbox 380 2125 1333 2232; baseline 0 -20"><span class='ocrx_word' id='word_1_114' title='bbox 380 2168 453 2212; x_wconf 90' lang='lat' dir='ltr'><strong>men</strong></span> <span class='ocrx_word' id='word_1_115' title='bbox 476 2165 557 2232; x_wconf 85' lang='lat' dir='ltr'><strong>opus</strong></span> <span class='ocrx_word' id='word_1_116' title='bbox 574 2125 766 2229; x_wconf 80' lang='lat' dir='ltr'><strong>¹fornicatum</strong></span> <span class='ocrx_word' id='word_1_117' title='bbox 789 2155 859 2228; x_wconf 81' lang='lat' dir='ltr'><strong>est,·</strong></span> <span class='ocrx_word' id='word_1_118' title='bbox 873 2141 962 2230; x_wconf 89' lang='lat' dir='ltr'><strong>quod</strong></span> <span class='ocrx_word' id='word_1_119' title='bbox 982 2165 1042 2209; x_wconf 92' lang='lat' dir='ltr'><strong>nos</strong></span> <span class='ocrx_word' id='word_1_120' title='bbox 1063 2126 1223 2212; x_wconf 73' lang='lat' dir='ltr'><strong>vocamus</strong></span> <span class='ocrx_word' id='word_1_121' title='bbox 1265 2146 1333 2212; x_wconf 87' lang='lat' dir='ltr'><strong>Ro-</strong></span> 
     </span>
     <span class='ocr_line' id='line_1_18' title="bbox 380 2256 1325 2342; baseline -0.001 -18"><span class='ocrx_word' id='word_1_122' title='bbox 380 2277 545 2324; x_wconf 88' lang='lat' dir='ltr'><strong>manorum</strong></span> <span class='ocrx_word' id='word_1_123' title='bbox 570 2256 817 2321; x_wconf 53' lang='lat' dir='ltr'><strong>*fornicationem</strong></span> <span class='ocrx_word' id='word_1_124' title='bbox 853 2257 1017 2342; x_wconf 76' lang='lat' dir='ltr'><strong>Aegyptiis</strong></span> <span class='ocrx_word' id='word_1_125' title='bbox 1050 2259 1187 2342; x_wconf 81' lang='lat' dir='ltr'><strong>ignotam</strong></span> <span class='ocrx_word' id='word_1_126' title='bbox 1201 2327 1204 2334; x_wconf 62' lang='grc'>,</span> <span class='ocrx_word' id='word_1_127' title='bbox 1220 2257 1325 2340; x_wconf 90' lang='lat' dir='ltr'><strong>fuisse,</strong></span> 
     </span>
     <span class='ocr_line' id='line_1_19' title="bbox 379 2365 1235 2455; baseline -0.001 -20"><span class='ocrx_word' id='word_1_128' title='bbox 379 2372 464 2436; x_wconf 88' lang='lat' dir='ltr'><strong>inter</strong></span> <span class='ocrx_word' id='word_1_129' title='bbox 486 2390 596 2435; x_wconf 89' lang='lat' dir='ltr'><strong>omues</strong></span> <span class='ocrx_word' id='word_1_130' title='bbox 619 2370 691 2434; x_wconf 87' lang='lat' dir='ltr'><strong>artis</strong></span> <span class='ocrx_word' id='word_1_131' title='bbox 712 2370 833 2455; x_wconf 88' lang='lat' dir='ltr'><strong>peritos</strong></span> <span class='ocrx_word' id='word_1_132' title='bbox 854 2370 917 2454; x_wconf 88' lang='lat' dir='ltr'><strong>jam</strong></span> <span class='ocrx_word' id='word_1_133' title='bbox 939 2365 1058 2432; x_wconf 92' lang='lat' dir='ltr'><strong>dudum</strong></span> <span class='ocrx_word' id='word_1_134' title='bbox 1080 2373 1235 2435; x_wconf 90' lang='lat' dir='ltr'><strong>convenit.</strong></span> 
     </span>
    </p>

    <p class='ocr_par' dir='ltr' id='par_1_3' title="bbox 336 2478 1330 2574">
     <span class='ocr_line' id='line_1_20' title="bbox 336 2478 1330 2574; baseline 0.001 -26"><span class='ocrx_word' id='word_1_135' title='bbox 336 2549 348 2574; x_wconf 17' lang='grc' dir='ltr'><strong>,Α</strong></span> <span class='ocrx_word' id='word_1_136' title='bbox 461 2482 583 2548; x_wconf 85' lang='lat' dir='ltr'><strong>Nostro</strong></span> <span class='ocrx_word' id='word_1_137' title='bbox 621 2482 702 2546; x_wconf 88' lang='lat' dir='ltr'><strong>sicut</strong></span> <span class='ocrx_word' id='word_1_138' title='bbox 737 2479 902 2546; x_wconf 79' lang='lat' dir='ltr'><strong>Strabonis</strong></span> <span class='ocrx_word' id='word_1_139' title='bbox 938 2491 1081 2568; x_wconf 86' lang='lat' dir='ltr'><strong>tempore</strong></span> <span class='ocrx_word' id='word_1_140' title='bbox 1109 2478 1145 2563; x_wconf 84' lang='lat'><strong>*)</strong></span> <span class='ocrx_word' id='word_1_141' title='bbox 1181 2486 1330 2569; x_wconf 81' lang='lat' dir='ltr'><strong>scaphae,</strong></span> 
     </span>
    </p>

    <p class='ocr_par' dir='ltr' id='par_1_4' title="bbox 345 2592 1390 3242">
     <span class='ocr_line' id='line_1_21' title="bbox 345 2592 1329 2683; baseline 0.001 -23"><span class='ocrx_word' id='word_1_142' title='bbox 345 2600 350 2612; x_wconf 94' lang='lat'>&#39;</span> <span class='ocrx_word' id='word_1_143' title='bbox 381 2617 464 2683; x_wconf 87' lang='lat' dir='ltr'><strong>quae</strong></span> <span class='ocrx_word' id='word_1_144' title='bbox 495 2596 529 2660; x_wconf 88' lang='lat' dir='ltr'><strong>in</strong></span> <span class='ocrx_word' id='word_1_145' title='bbox 561 2592 696 2658; x_wconf 85' lang='lat' dir='ltr'><strong>insulam</strong></span> <span class='ocrx_word' id='word_1_146' title='bbox 733 2592 943 2671; x_wconf 88' lang='lat' dir='ltr'><strong>advehuntur,</strong></span> <span class='ocrx_word' id='word_1_147' title='bbox 982 2594 1116 2681; x_wconf 90' lang='lat' dir='ltr'><strong>pessime</strong></span> <span class='ocrx_word' id='word_1_148' title='bbox 1144 2606 1216 2660; x_wconf 92' lang='lat' dir='ltr'><strong>sunt</strong></span> <span class='ocrx_word' id='word_1_149' title='bbox 1249 2607 1329 2661; x_wconf 74' lang='lat' dir='ltr'><strong>stru</strong></span> 
     </span>
     <span class='ocr_line' id='line_1_22' title="bbox 382 2704 1330 2795; baseline 0.001 -23"><span class='ocrx_word' id='word_1_150' title='bbox 382 2717 466 2788; x_wconf 85' lang='lat' dir='ltr'><strong>ctae;</strong></span> <span class='ocrx_word' id='word_1_151' title='bbox 499 2705 673 2792; x_wconf 90' lang='lat' dir='ltr'><strong>periculum</strong></span> <span class='ocrx_word' id='word_1_152' title='bbox 705 2715 808 2770; x_wconf 91' lang='lat' dir='ltr'><strong>autem</strong></span> <span class='ocrx_word' id='word_1_153' title='bbox 841 2704 1015 2792; x_wconf 85' lang='lat' dir='ltr'><strong>trajiciendi</strong></span> <span class='ocrx_word' id='word_1_154' title='bbox 1045 2709 1197 2772; x_wconf 88' lang='lat' dir='ltr'><strong>imminuit</strong></span> <span class='ocrx_word' id='word_1_155' title='bbox 1228 2730 1330 2795; x_wconf 89' lang='lat' dir='ltr'><strong>aquae</strong></span> 
     </span>
     <span class='ocr_line' id='line_1_23' title="bbox 380 2816 1331 2906; baseline 0 -22"><span class='ocrx_word' id='word_1_156' title='bbox 380 2818 506 2906; x_wconf 84' lang='lat' dir='ltr'><strong>placida</strong></span> <span class='ocrx_word' id='word_1_157' title='bbox 535 2816 756 2903; x_wconf 79' lang='lat' dir='ltr'><strong>tranquillitas3</strong></span> <span class='ocrx_word' id='word_1_158' title='bbox 784 2817 892 2882; x_wconf 87' lang='lat' dir='ltr'><strong>Nilum</strong></span> <span class='ocrx_word' id='word_1_159' title='bbox 915 2820 996 2884; x_wconf 89' lang='lat' dir='ltr'><strong>circa</strong></span> <span class='ocrx_word' id='word_1_160' title='bbox 1018 2818 1124 2886; x_wconf 84' lang='lat' dir='ltr'><strong>Philas</strong></span> <span class='ocrx_word' id='word_1_161' title='bbox 1149 2829 1245 2885; x_wconf 89' lang='lat' dir='ltr'><strong>vento</strong></span> <span class='ocrx_word' id='word_1_162' title='bbox 1268 2823 1331 2906; x_wconf 79' lang='lat' dir='ltr'><strong>agi-</strong></span> 
     </span>
     <span class='ocr_line' id='line_1_24' title="bbox 380 2930 1330 3017; baseline 0.002 -21"><span class='ocrx_word' id='word_1_163' title='bbox 380 2933 447 3010; x_wconf 84' lang='lat' dir='ltr'><strong>tari,</strong></span> <span class='ocrx_word' id='word_1_164' title='bbox 469 2930 647 3016; x_wconf 88' lang='lat' dir='ltr'><strong>fluctusque</strong></span> <span class='ocrx_word' id='word_1_165' title='bbox 669 2931 752 2994; x_wconf 91' lang='lat' dir='ltr'><strong>ciere</strong></span> <span class='ocrx_word' id='word_1_166' title='bbox 773 2952 939 3016; x_wconf 85' lang='lat' dir='ltr'><strong>nunquam.</strong></span> <span class='ocrx_word' id='word_1_167' title='bbox 954 2934 1153 2996; x_wconf 81' lang='lat' dir='ltr'><strong>memininms.</strong></span> <span class='ocrx_word' id='word_1_168' title='bbox 1189 2933 1221 2996; x_wconf 88' lang='lat' dir='ltr'>A</span> <span class='ocrx_word' id='word_1_169' title='bbox 1240 2944 1330 3017; x_wconf 85' lang='lat' dir='ltr'><strong>parte</strong></span> 
     </span>
     <span class='ocr_line' id='line_1_25' title="bbox 381 3039 1390 3131; baseline 0.002 -24"><span class='ocrx_word' id='word_1_170' title='bbox 381 3040 527 3108; x_wconf 86' lang='lat' dir='ltr'><strong>orientali</strong></span> <span class='ocrx_word' id='word_1_171' title='bbox 549 3039 711 3106; x_wconf 87' lang='lat' dir='ltr'><strong>accedenti</strong></span> <span class='ocrx_word' id='word_1_172' title='bbox 732 3053 932 3130; x_wconf 90' lang='lat' dir='ltr'><strong>praeruptum</strong></span> <span class='ocrx_word' id='word_1_173' title='bbox 955 3041 1028 3106; x_wconf 85' lang='lat' dir='ltr'><strong>litus</strong></span> <span class='ocrx_word' id='word_1_174' title='bbox 1051 3041 1169 3120; x_wconf 87' lang='lat' dir='ltr'><strong>obstat;</strong></span> <span class='ocrx_word' id='word_1_175' title='bbox 1193 3066 1256 3131; x_wconf 90' lang='lat' dir='ltr'><strong>quo</strong></span> <span class='ocrx_word' id='word_1_176' title='bbox 1279 3066 1331 3110; x_wconf 90' lang='lat' dir='ltr'><strong>su·</strong></span> <span class='ocrx_word' id='word_1_177' title='bbox 1377 3075 1390 3122; x_wconf 61' lang='grc'><strong>,-</strong></span> 
     </span>
     <span class='ocr_line' id='line_1_26' title="bbox 379 3139 1329 3242; baseline 0.002 -22"><span class='ocrx_word' id='word_1_178' title='bbox 379 3165 501 3242; x_wconf 89' lang='lat' dir='ltr'><strong>perato,</strong></span> <span class='ocrx_word' id='word_1_179' title='bbox 524 3151 693 3240; x_wconf 86' lang='lat' dir='ltr'><strong>quadratus</strong></span> <span class='ocrx_word' id='word_1_180' title='bbox 715 3176 821 3220; x_wconf 88' lang='lat' dir='ltr'><strong>murus</strong></span> <span class='ocrx_word' id='word_1_181' title='bbox 844 3177 913 3220; x_wconf 91' lang='lat' dir='ltr'><strong>cum</strong></span> <span class='ocrx_word' id='word_1_182' title='bbox 934 3153 1063 3220; x_wconf 89' lang='lat' dir='ltr'><strong>sedibus</strong></span> <span class='ocrx_word' id='word_1_183' title='bbox 1084 3153 1216 3240; x_wconf 86' lang='lat' dir='ltr'><strong>lapideis</strong></span> <span class='ocrx_word' id='word_1_184' title='bbox 1230 3139 1329 3222; x_wconf 87' lang='lat' dir='ltr'><strong>iluvio</strong></span> 
     </span>
    </p>

    <p class='ocr_par' dir='ltr' id='par_1_5' title="bbox 157 3265 1329 3468">
     <span class='ocr_line' id='line_1_27' title="bbox 157 3265 1328 3357; baseline 0.003 -27"><span class='ocrx_word' id='word_1_185' title='bbox 157 3353 158 3356; x_wconf 8' lang='grc' dir='ltr'><strong>Ἴ</strong></span> <span class='ocrx_word' id='word_1_186' title='bbox 378 3267 525 3346; x_wconf 72' lang='lat' dir='ltr'><strong>imminet,</strong></span> <span class='ocrx_word' id='word_1_187' title='bbox 546 3276 612 3332; x_wconf 91' lang='lat' dir='ltr'><strong>tum</strong></span> <span class='ocrx_word' id='word_1_188' title='bbox 633 3278 868 3334; x_wconf 85' lang='lat' dir='ltr'><strong>monumentum</strong></span> <span class='ocrx_word' id='word_1_189' title='bbox 891 3265 1150 3354; x_wconf 81' lang='lat' dir='ltr'><strong>elegantissimum</strong></span> <span class='ocrx_word' id='word_1_190' title='bbox 1171 3267 1247 3357; x_wconf 76' lang='lat' dir='ltr'>(A),</span> <span class='ocrx_word' id='word_1_191' title='bbox 1274 3291 1328 3357; x_wconf 78' lang='lat' dir='ltr'><strong>pe</strong></span> 
     </span>
     <span class='ocr_line' id='line_1_28' title="bbox 181 3375 1329 3468; baseline 0.01 -33"><span class='ocrx_word' id='word_1_192' title='bbox 181 3383 357 3468; x_wconf 65' lang='lat' dir='ltr'><strong>Pertusyttum</strong></span> <span class='ocrx_word' id='word_1_193' title='bbox 378 3375 493 3464; x_wconf 85' lang='lat' dir='ltr'><strong>ristylii</strong></span> <span class='ocrx_word' id='word_1_194' title='bbox 512 3382 640 3446; x_wconf 90' lang='lat' dir='ltr'><strong>nomine</strong></span> <span class='ocrx_word' id='word_1_195' title='bbox 661 3379 755 3446; x_wconf 94' lang='lat' dir='ltr'><strong>nobis</strong></span> <span class='ocrx_word' id='word_1_196' title='bbox 778 3378 1011 3468; x_wconf 81' lang='lat' dir='ltr'><strong>designandum.</strong></span> <span class='ocrx_word' id='word_1_197' title='bbox 1055 3379 1154 3466; x_wconf 86' lang='lat' dir='ltr'><strong>Quod</strong></span> <span class='ocrx_word' id='word_1_198' title='bbox 1175 3401 1245 3444; x_wconf 89' lang='lat' dir='ltr'><strong>cum</strong></span> <span class='ocrx_word' id='word_1_199' title='bbox 1264 3384 1329 3446; x_wconf 88' lang='lat' dir='ltr'><strong>via·</strong></span> 
     </span>
    </p>

    <p class='ocr_par' dir='ltr' id='par_1_6' title="bbox 203 3457 1484 3592">
     <span class='ocr_line' id='line_1_29' title="bbox 203 3457 1484 3592; baseline 0.003 -38"><span class='ocrx_word' id='word_1_200' title='bbox 203 3457 340 3509; x_wconf 62' lang='lat' dir='ltr'><strong>‘&#39;mm‘&#39;</strong></span> <span class='ocrx_word' id='word_1_201' title='bbox 379 3485 502 3554; x_wconf 87' lang='lat' dir='ltr'><strong>toribus</strong></span> <span class='ocrx_word' id='word_1_202' title='bbox 524 3493 655 3574; x_wconf 83' lang='lat' dir='ltr'><strong>primum</strong></span> <span class='ocrx_word' id='word_1_203' title='bbox 675 3494 709 3558; x_wconf 92' lang='lat' dir='ltr'><strong>in</strong></span> <span class='ocrx_word' id='word_1_204' title='bbox 730 3493 833 3558; x_wconf 88' lang='lat' dir='ltr'><strong>insula</strong></span> <span class='ocrx_word' id='word_1_205' title='bbox 855 3502 1008 3570; x_wconf 82' lang='lat' dir='ltr'><strong>occurrat,</strong></span> <span class='ocrx_word' id='word_1_206' title='bbox 1029 3492 1139 3578; x_wconf 92' lang='lat' dir='ltr'><strong>paullo</strong></span> <span class='ocrx_word' id='word_1_207' title='bbox 1155 3495 1328 3558; x_wconf 86' lang='lat' dir='ltr'><strong>accuratius</strong></span> <span class='ocrx_word' id='word_1_208' title='bbox 1483 3577 1484 3592; x_wconf 11' lang='grc' dir='ltr'>χ</span> 
     </span>
    </p>

    <p class='ocr_par' dir='ltr' id='par_1_7' title="bbox 378 3573 1484 3692">
     <span class='ocr_line' id='line_1_30' title="bbox 378 3573 1484 3692; baseline 0.005 -26"><span class='ocrx_word' id='word_1_209' title='bbox 378 3601 442 3666; x_wconf 89' lang='lat' dir='ltr'><strong>hoc</strong></span> <span class='ocrx_word' id='word_1_210' title='bbox 463 3597 538 3664; x_wconf 88' lang='lat' dir='ltr'><strong>loco</strong></span> <span class='ocrx_word' id='word_1_211' title='bbox 561 3573 801 3672; x_wconf 73' lang='lat' dir='ltr'><strong>describendum</strong></span> <span class='ocrx_word' id='word_1_212' title='bbox 824 3615 879 3670; x_wconf 81' lang='lat' dir='ltr'><strong>est</strong></span> <span class='ocrx_word' id='word_1_213' title='bbox 931 3603 1066 3670; x_wconf 86' lang='lat' dir='ltr'><strong>Constat</strong></span> <span class='ocrx_word' id='word_1_214' title='bbox 1092 3604 1328 3692; x_wconf 84' lang='lat' dir='ltr'><strong>quatuordecim</strong></span> <span class='ocrx_word' id='word_1_215' title='bbox 1432 3617 1444 3642; x_wconf 89' lang='lat'><strong>·</strong></span> <span class='ocrx_word' id='word_1_216' title='bbox 1483 3599 1484 3624; x_wconf 63' lang='lat'>¹</span> 
     </span>
    </p>
   </div>
   <div class='ocr_carea' id='block_1_3' title="bbox 327 3759 580 3774">
    <p class='ocr_par' dir='ltr' id='par_1_8' title="bbox 327 3759 580 3774">
     <span class='ocr_line' id='line_1_31' title="bbox 327 3759 580 3774; baseline -0.016 0"><span class='ocrx_word' id='word_1_217' title='bbox 327 3765 332 3774; x_wconf 81' lang='grc' dir='ltr'>ι</span> <span class='ocrx_word' id='word_1_218' title='bbox 379 3759 580 3774; x_wconf 56' lang='lat' dir='ltr'><strong>m</strong></span> 
     </span>
    </p>
   </div>
   <div class='ocr_carea' id='block_1_4' title="bbox 343 3841 978 3920">
    <p class='ocr_par' dir='ltr' id='par_1_9' title="bbox 343 3841 978 3920">
     <span class='ocr_line' id='line_1_32' title="bbox 343 3841 978 3920; baseline 0.027 -30"><span class='ocrx_word' id='word_1_219' title='bbox 343 3877 346 3890; x_wconf 79' lang='grc'><em>,</em></span> <span class='ocrx_word' id='word_1_220' title='bbox 413 3845 437 3918; x_wconf 85' lang='grc'><strong>·)</strong></span> <span class='ocrx_word' id='word_1_221' title='bbox 455 3841 518 3920; x_wconf 70' lang='lat' dir='ltr'><strong>Peg.</strong></span> <span class='ocrx_word' id='word_1_222' title='bbox 535 3846 595 3904; x_wconf 78' lang='lat'>818.</span> <span class='ocrx_word' id='word_1_223' title='bbox 614 3843 705 3915; x_wconf 83' lang='lat'>(1173</span> <span class='ocrx_word' id='word_1_224' title='bbox 723 3844 764 3902; x_wconf 91' lang='lat' dir='ltr'><strong>ed.</strong></span> <span class='ocrx_word' id='word_1_225' title='bbox 783 3843 978 3916; x_wconf 76' lang='lat' dir='ltr'><strong>Abneloveeu.)</strong></span> 
     </span>
    </p>
   </div>
   <div class='ocr_carea' id='block_1_5' title="bbox 0 0 1506 4544">
    <p class='ocr_par' dir='ltr' id='par_1_10' title="bbox 0 0 1506 4544">
     <span class='ocr_line' id='line_1_33' title="bbox 0 0 1506 4544; baseline 0 2"><span class='ocrx_word' id='word_1_226' title='bbox 0 0 1506 4544; x_wconf 95' lang='lat' dir='ltr'><strong> </strong></span> 
     </span>
    </p>
   </div>
  </div>
 </body>
</html>
