3002 4544
377 315 429 392 90

207 505 282 562 Pras
299 503 330 562 u.
380 514 460 558 esse.
496 491 648 559 Ceterum
670 491 818 558 schottus
840 489 1010 556 transtulitz
1039 489 1255 577 Ahn'puerunt
1275 493 1333 556 ita·

379 625 527 692 quesne,
550 607 606 683 ait,
628 615 664 670 ut
684 603 755 670 illas
779 624 909 690 quoque
930 605 1077 690 regiones
1098 600 1333 688 perlustrarem,

379 718 413 782 in
445 718 543 802 ipsam
577 737 679 802 usque
708 716 833 782 'l'almin
864 739 883 782 a
909 717 986 780 meis
1014 713 1244 780 contribulibus
1273 715 1354 797 (?)·

380 831 519 915 quinque
543 827 662 894 dienun
683 828 851 894 intervallo
868 826 1032 894 distantem
1048 826 1088 892 ad
1104 825 1223 906 urbem,
1248 849 1331 916 quae

381 940 494 1009 dicitur
515 941 627 1007 Prima.
706 1008 708 1016 s
1152 969 1158 984 ·

316 1109 322 1123 .
444 1049 678 1118 decedentibus
704 1051 798 1118 nobis
828 1051 868 1118 ad
897 1052 1039 1118 Senecae
1068 1050 1109 1118 de
1131 1050 1248 1116 finibus
1270 1052 1333 1120 Ae-

379 1168 468 1253 gypti
489 1163 667 1230 meridianis
690 1175 721 1230 et
744 1164 785 1229 de
799 1163 896 1230 Philis
920 1167 1102 1251 opinionem
1121 1162 1165 1246 *),
1187 1185 1332 1250 praeno

379 1276 517 1344 nendum
540 1287 602 1353 est,
632 1298 702 1342 eum
724 1280 934 1342 narrationem
962 1287 1028 1342 arte
1054 1277 1212 1342 rhetorica
1242 1298 1332 1343 exor-

378 1412 456 1456 nare
477 1387 626 1466 voluisse,
649 1391 837 1476 scriptorum
860 1392 1044 1462 auctoritate
1068 1411 1106 1453 ex
1128 1387 1242 1475 quihus
1257 1391 1333 1456 hau-

378 1506 419 1568 sit
446 1524 555 1588 parum
584 1489 708 1566 curata
751 1500 851 1596 Quod
880 1503 1009 1567 omnino
1039 1512 1151 1566 nostro
1180 1499 1256 1566 loco
1279 1523 1331 1567 ac-

380 1613 493 1685 cidisse
520 1614 662 1680 vidimus.
713 1613 802 1678 Nihil
828 1603 909 1679 enim
930 1612 1120 1679 luculentius
1143 1624 1191 1680 est
1214 1623 1246 1679 et
1268 1611 1332 1678 ele-

380 1725 573 1813 gantioribus
595 1724 700 1791 verbis
723 1748 912 1812 expressum,
938 1727 1030 1812 quam'
1052 1725 1108 1790 illa
1129 1725 1196 1790 Nili
1217 1724 1332 1790 descri-

379 1841 448 1926 ptio
470 1839 545 1904 inde
569 1863 587 1904 a
611 1836 828 1924 disquisitione
852 1837 892 1904 de
920 1836 1061 1904 fontibus
1084 1859 1185 1924 usque
1208 1836 1248 1902 ad
1271 1839 1333 1901 exi-

379 1963 444 2017 tum
466 1955 499 2017 in
521 1973 605 2018 mare
628 1950 904 2025 mediterraneum
928 1949 969 2014 de
991 1954 1122 2017 veritate
1145 1961 1249 2018 autem
1262 1971 1334 2014 nar-

379 2064 508 2126 rationis
530 2081 756 2142 nonnunquam
783 2060 928 2122 duhitare
956 2059 1039 2125 lieet.
1090 2061 1263 2170 Postqpam
1291 2059 1333 2124 de

379 2168 458 2234 Nilo
480 2170 577 2233 fluvio
601 2168 761 2234 verissime
783 2169 861 2234 haec
884 2167 971 2252 dixit:
994 2166 1108 2246 „Unde
1124 2189 1266 2234 crescere
1286 2173 1333 2236 in-

379 2282 504 2366 „cipiat,
533 2281 560 2345 si
581 2278 807 2363 comprehendi
828 2290 951 2366 posset,
980 2301 1108 2346 caussae
1136 2301 1265 2367 quoque
1286 2284 1334 2348 in-

379 2393 546 2473 „crementi
568 2393 809 2472 invenirentur,“
832 2402 1007 2477 sequuntur
1022 2393 1120 2465 haece
1136 2413 1239 2471 „nunc
1252 2414 1331 2459 vero

379 2525 522 2591 „magnas
545 2502 732 2572 solitudines
755 2515 952 2591 pervagatus,
975 2515 1007 2570 et
1028 2507 1062 2572 in
1082 2505 1216 2592 paludes
1240 2505 1332 2572 diflu-

377 2640 458 2698 „sus
480 2615 625 2704 gentibus
647 2616 782 2704 sparsus,
806 2622 885 2682 circa
908 2615 1013 2682 Philas
1035 2621 1166 2704 primum
1189 2640 1226 2684 ex
1249 2638 1329 2704 vago

379 2742 429 2811 „et
451 2741 574 2796 errante
599 2727 764 2816 colligitur.
815 2729 925 2798 Philae
952 2731 1054 2795 insula
1082 2741 1130 2796 est
1158 2752 1269 2816 aspera
1299 2740 1342 2806 et.

265 2853 271 2868 ‘
379 2843 537 2930 „undique
559 2854 742 2929 praerupta,
766 2841 891 2914 duobus
913 2844 947 2906 in
968 2859 1063 2916 notun
1087 2846 1215 2913 coituris
1238 2844 1331 2908 amni·

379 2953 456 3034 „hus
479 2957 625 3040 cingitur,
648 2957 703 3038 qui
723 2954 801 3030 Nilo
824 2965 982 3020 mutantur
1004 2966 1035 3020 et
1058 2957 1125 3042 ejus
1147 2976 1264 3026 nomeu
1284 2953 1330 3018 ie-

379 3077 478 3149 „runt
538 3064 659 3131 Urbem
697 3077 794 3135 totam
828 3067 1054 3154 complectitur.
1114 3069 1206 3142 Hanc
1236 3065 1330 3132 Nilus

379 3201 525 3267 „magnus
548 3181 652 3265 magis,
675 3201 768 3266 quam
783 3179 951 3258 violentus,
972 3201 1116 3266 egressus
1132 3180 1331 3265 Aethiopiam

379 3313 580 3378 „arenasque
601 3313 660 3378 per
682 3314 760 3383 quas
781 3295 841 3357 iter
864 3291 907 3367 ad
926 3295 1110 3364 commercia
1125 3290 1225 3359 ludici
1238 3293 1331 3363 maris

379 3415 454 3484 „est
475 3403 677 3491 praelabitur.
710 3405 884 3490 Excipiunt
900 3425 970 3468 curn
994 3415 1176 3470 cataractae.
1202 3402 1243 3454 -“
1265 3403 1332 3469 Pri-

379 3538 479 3598 „mum
501 3517 725 3584 incrementum
748 3515 814 3585 Nili
837 3519 918 3581 circa
940 3515 1087 3593 insulam,
1117 3537 1211 3602 quam
1232 3513 1330 3587 modo

380 3628 517 3706 ,‚rettuli,
539 3627 644 3692 Philas
664 3631 812 3698 nosc‘nur.
858 3629 982 3714 Exiguo
1003 3625 1044 3692 ah
1066 3629 1129 3694 hoc
1149 3631 1253 3732 spatio
1276 3649 1332 3714 pe-

415 3871 443 3944 ·)
460 3851 575 3930 urina.
596 3869 704 3944 onan.
723 3861 769 3940 tv,
787 3875 812 3926 a.
