3002 4544
966 281 1211 396 'm

170 495 239 561 sole
268 491 453 578 exsiccatur,
480 508 524 564 ut
545 499 643 565 horae
672 495 799 564 dimidio
821 507 897 584 post
923 519 965 566 ne
986 500 1118 584 vestigia
1172 509 1284 568 Pars-l.

169 609 295 694 quidem
317 611 546 680 exundationis
582 621 761 698 appareant.
818 611 869 676 Eo
904 612 999 696 magis
1035 630 1116 694 opus

169 733 236 786 erat
257 723 415 790 stillicidio
438 729 511 790 satis
535 723 649 810 amplo,
671 745 712 788 ne
736 745 817 808 aqua
838 725 1031 787 insanorum
1048 723 1118 808 jun-

170 833 270 899 eiuras
292 838 424 902 immissa
447 835 624 902 aediticium
647 833 846 900 dilaberetur.
893 833 1056 921 Quantilla
1077 834 1118 898 sit

169 969 269 1032 aquae
305 927 398 1036 eopia
432 972 470 1013 ex
504 951 676 1038 repentinis
710 946 861 1013 imbribus
890 927 1055 1013 remanens
1085 956 1117 1009 et

169 1070 285 1144 quanta
308 1065 388 1127 aeris
410 1064 540 1139 siccitas,
564 1083 603 1126 eo
625 1064 820 1148 perspicitur,
843 1060 933 1148 quod
953 1063 987 1124 in
1008 1057 1116 1145 templi
1144 1047 1146 1055 '

168 1183 252 1238 tecto
275 1167 336 1239 nec
357 1173 547 1261 planta'nec
568 1172 667 1239 herba
687 1172 754 1238 ulla
775 1172 896 1238 radices
920 1175 990 1259 agit.
1043 1160 1139 1236 Hoc

169 1295 271 1350 autem
299 1303 365 1352 non
393 1287 496 1355 solum
517 1287 628 1364 Philis,
656 1287 715 1352 sed
735 1286 973 1372 tota-Aegypto
997 1297 1029 1350 et
1049 1284 1118 1348 Nu-

166 1394 220 1461 bia
254 1389 520 1477 animadvertitur,
561 1399 770 1485 omnibusque
802 1401 1012 1464 monumentis
1046 1419 1118 1480 spe-

168 1511 247 1573 ciem
267 1513 414 1574 novitatis
443 1507 589 1593 praebet,
618 1531 711 1594 quam
738 1529 863 1586 omnes,
893 1511 947 1592 qui
969 1529 1007 1572 ex
1028 1503 1118 1572 ltalia

166 1620 347 1706 Aegyptum
369 1622 503 1700 visitant,
525 1642 723 1706 summopere
745 1621 902 1684 mirantur.
929 1615 932 1624 ’
1092 1601 1097 1616 .

232 1731 267 1796 Si
287 1733 321 1797 in
343 1743 428 1797 tecto
451 1733 609 1798 secundos
631 1732 769 1818 pylones
784 1755 894 1797 versus
908 1731 1117 1818 procedimus,
1132 1741 1280 1796 conclavia
1296 1741 1328 1795 tn

166 1842 322 1907 nonnulla
343 1846 515 1926 reperimus
538 1843 702 1920 conclavia
716 1847 845 1920 minora,
869 1865 1003 1928 quorum
1017 1847 1118 1929 parie-
1190 1811 1303 1866 tecto..’

167 1963 215 2016 tes
243 1955 329 2016 vario
354 1963 538 2017 ornamenta
566 1952 683 2016 babent
710 1953 886 2038 multasque
913 1953 1045 2040 figuras,
1075 1954 1117 2020 ad

166 2062 318 2130 sacrificia
338 2061 542 2150 pertinentes.
585 2065 706 2127 Eorum
728 2086 823 2128 mrum
849 2067 927 2131 nihil
947 2043 1007 2131 nisi
1027 2087 1117 2142 mon·
1156 2083 1167 2102 ·

167 2187 316 2262 strorum'·
329 2179 477 2262 imagines
507 2177 569 2256 (ita
598 2179 679 2244 euim
700 2162 931 2264 Aegyptiorum
954 2178 1032 2244 deos
1057 2202 1115 2246 vo-

166 2313 237 2355 care
259 2287 351 2374 licet)
375 2291 542 2364 contincta
558 2287 698 2354 membra
720 2290 853 2356 humana
876 2313 946 2354 cum
972 2283 1115 2357 crocodi-

165 2403 295 2480 lorum,¹
313 2403 423 2478 arima,
453 2400 613 2487 leporum,
643 2423 768 2480 canum,
798 2407 927 2467 arietum
950 2403 1113 2490 capitibus,

164 2509 399 2600 nonnumquam
422 2514 517 2576 etiam
535 2511 669 2604 pedibus
692 2512 903 2599 conglutinata
925 2526 1005 2580 sunt.
1044 2516 1115 2582 Cir-

166 2629 306 2694 cumfusa
329 2615 377 2689 est
399 2627 551 2711 scriptura
565 2625 810 2711 hieroglyphira,
832 2626 966 2692 fortasse
986 2629 1114 2693 nomina
1221 2665 1228 2678 ἱ

164 2741 308 2806 Deorum
342 2735 518 2823 significans
552 2745 615 2801 una
643 2759 713 2801 cum
747 2725 900 2824 dignitatis
936 2749 967 2804 et
1000 2741 1114 2804 rituum

119 2897 120 2902 κ
166 2851 384 2938 explicatione.
431 2849 525 2914 llaec,
549 2846 676 2946 quidem
700 2848 870 2915 bestiarum
893 2874 962 2916 omn
984 2853 1116 2918 homini-
1209 2882 1211 2893 ³

163 2964 224 3030 bus
248 2962 392 3028 confusio
414 2960 489 3025 ideo
511 2960 660 3027 notanda'
675 2974 735 3041 est,
765 2967 838 3050 quia
859 2967 1013 3052 nusquam
1034 2964 1113 3050 figu-

163 3098 219 3141 rae
246 3077 459 3161 reperiuutur‚
488 3066 614 3139 duobus
641 3072 695 3138 vel
716 3074 859 3160 pluribus
883 3075 1035 3162 capitibus
1057 3074 1113 3158 bu-

162 3189 270 3265 manis,
292 3197 441 3272 quattuor
461 3184 595 3250 brachiis
619 3197 676 3251 etc.
692 3184 861 3272 praeditae,
884 3187 993 3272 quales
1014 3189 1046 3250 in
1062 3186 1112 3250 ln-

164 3300 276 3365 dorum
309 3297 461 3362 fabulosis
494 3298 724 3365 narrationibus
754 3310 786 3365 et
814 3298 1002 3384 templorum
1029 3295 1111 3362 scul-

162 3414 261 3499 pturis
283 3412 462 3497 saepissime
485 3409 717 3487 describuntur;
740 3422 834 3497 atque
855 3409 890 3474 id
911 3419 980 3475 toto
995 3431 1111 3496 genere

163 3522 328 3589 discrimen
355 3525 437 3589 inter
465 3521 622 3600 ambarum
650 3525 798 3609 gentium·
813 3521 996 3608 religionem
1016 3526 1112 3589 inter-

162 3633 276 3701 cedere
298 3633 423 3701 videtur
441 3634 487 3718 *).
537 3635 699 3734 Traditum
728 3636 820 3700 etiam
847 3645 895 3701 est
916 3658 935 3702 a
955 3635 1109 3728 Britanno

196 3876 223 3948 ⁴⁸)
244 3876 394 3942 Friderieus
413 3876 542 3938 Cailliaod
563 3879 591 3938 iu
613 3875 696 3938 insula
712 3875 804 3940 lieret
821 3875 875 3938 Dei
895 3877 1033 3954 intepuere
1050 3896 1109 3938 eum
