3002 4544
410 317 459 396 36

245 511 350 572 Psasl
413 499 612 597 molestiam„
641 499 788 564 Attamen
814 504 846 560 et
867 493 1066 560 commodum
1089 493 1248 582 quoddam
1271 494 1363 561 obtu-

413 614 532 684 lerunt3
554 610 588 673 in
611 607 755 676 conclavi
777 609 859 673 enim
880 609 936 690 (L)
960 607 1023 674 duo
1047 630 1119 674 saxa
1142 629 1161 673 e
1183 618 1267 672 tecto
1290 628 1365 693 pro-

412 728 502 811 lapsa
530 720 738 786 scribentibus
766 744 826 807 pro
855 720 963 786 tabula
986 731 1018 786 et
1045 719 1125 786 sella
1147 731 1233 799 sunt,
1261 719 1364 785 solus-

414 860 477 926 que
505 838 555 901 hic
583 833 674 900 locus
696 835 729 898 in
751 832 853 897 insula
876 845 938 911 est,
968 837 1021 919 qui
1043 843 1159 919 gratam
1181 832 1277 897 habet
1298 853 1364 894 urn-

412 951 515 1028 bram,
542 969 605 1012 nec
626 957 730 1011 tamen
751 946 859 1010 lumini
881 944 1081 1010 officientem.

231 1077 326 1130 Scalae
343 1076 380 1128 ad
480 1058 587 1127 Scalas
610 1060 643 1122 in
671 1060 793 1122 interna
821 1056 951 1144 pylonis
981 1058 1030 1122 ala
1060 1057 1111 1138 (C
1125 1058 1159 1139 ¹)
1189 1053 1363 1120 collocatas

237 1161 369 1287 ‘551¹ssssss
414 1173 455 1240 ad
477 1192 627 1238 summum
649 1171 801 1256 fastigium
830 1192 931 1258 usque
957 1167 1129 1234 ascendere
1151 1167 1239 1246 licet,
1267 1189 1363 1254 quum
1410 1259 1415 1272 ⁸

237 1289 366 1340 ducencea.
414 1283 558 1354 omnibus
579 1282 720 1370 partibus
740 1285 818 1347 mire
839 1293 1044 1347 conservatae
1064 1285 1133 1361 sint,
1152 1303 1258 1367 neque
1278 1278 1362 1344 ullus

414 1399 495 1463 desit
517 1394 639 1483 gradus.
677 1394 833 1481 Adjacent
851 1397 889 1459 iis
906 1394 1067 1459 conclavia
1081 1394 1245 1472 nonnulla,
1267 1414 1363 1456 unum

414 1509 504 1576 alteri
537 1511 783 1595 superpositum,
819 1506 1019 1573 sacerdotum
1053 1505 1212 1571 domicilio
1240 1503 1276 1587 ¹⁵)
1308 1502 1363 1567 vel

413 1624 495 1686 vasis
531 1619 726 1685 asservandis
762 1618 923 1684 destinata.
979 1620 1101 1683 Lumen
1128 1617 1283 1703 praebent
1309 1637 1364 1680 an-

413 1743 501 1821 gusta
531 1734 711 1818 spiramina,
740 1752 822 1815 quae
850 1734 884 1796 in
913 1741 1040 1796 externa
1061 1740 1149 1816 parte
1171 1727 1263 1792 facilc
1287 1746 1364 1791 con-

412 1845 592 1934 spiciuntur.
644 1844 760 1932 Neque
787 1846 821 1907 in
843 1842 948 1922 scalis,
976 1863 1082 1929 neque
1103 1845 1136 1906 in
1158 1835 1379 1906 conclavibus
1487 1829 1488 1870 ³

411 1971 508 2024 notae
537 1955 793 2040 lrieroglyphicae
820 1955 874 2018 vel
902 1955 962 2018 alia
991 1965 1174 2022 ornamenta
1202 1943 1362 2039 apparent,

411 2073 491 2133 sicut
528 2071 561 2130 in
598 2063 743 2130 omnibus
780 2043 951 2126 reconditis
986 2062 1174 2146 templorum
1210 2061 1361 2147 partibus.

408 2178 569 2243 'Summum
598 2171 773 2240 aedificium
800 2175 981 2260 projectura
1009 2174 1115 2258 cingit,
1150 2171 1361 2259 crepidinibus

411 2286 589 2375 ingentibus
619 2268 811 2363 constructa,
846 2288 986 2371 quaein
1015 2295 1099 2350 tecto
1129 2283 1360 2350 ambulantibus

410 2401 530 2468 loricae
552 2421 642 2464 usum
661 2389 826 2484 praebent

469 2514 506 2578 ln
528 2507 806 2578 occidentaliatrii
826 2520 915 2595 parte
937 2508 1113 2574 aedificium
1136 2511 1270 2592 cst(M),
1292 2531 1357 2598 quo

408 2625 521 2691 melius
548 2589 705 2690 sirvatum
738 2621 947 2707 omnibusque
974 2620 1114 2708 partibus
1142 2625 1237 2708 magis
1272 2624 1359 2688 inco

409 2736 493 2804 lumc
527 2740 579 2802 vix
612 2735 711 2800 ullum
731 2745 813 2802 ¹-tota
841 2734 990 2820 Aegypto
1019 2736 1166 2822 reperias.
1224 2737 1357 2800 Tectum

408 2871 562 2936 nusquam
589 2846 708 2912 laesum
733 2849 898 2911 interiores
920 2857 1025 2932 partes
1048 2869 1066 2910 a
1088 2850 1185 2942 ruinis
1207 2847 1356 2926 defendit,

407 2962 451 3026 ita
473 2965 515 3025 ‘'ut
544 2962 648 3025 omnia
670 2957 833 3024 conclavia
856 2957 1104 3024 commodissime
1131 2959 1211 3024 adiri
1232 2969 1263 3024 et
1284 2982 1357 3046 per-

405 3070 531 3136 lustrari
554 3082 677 3156 queant
710 3070 799 3138 Cum
813 3070 928 3136 nullibi
951 3081 1055 3136 cetera
1073 3069 1220 3136 aedificia
1241 3081 1354 3160 tangat,

405 3183 556 3269 templum
584 3193 760 3268 separatum
787 3181 956 3259 dicendum
986 3193 1040 3248 est.
1091 3183 1203 3250 Aditus
1231 3183 1269 3248 fit
1296 3209 1355 3273 per

405 3297 530 3381 januam
557 3295 618 3375 (ad
639 3293 683 3377 b)
711 3316 779 3360 non
804 3295 848 3360 ab
877 3298 974 3374 atrio,
1003 3295 1061 3361 sed
1088 3321 1107 3364 a
1135 3295 1239 3362 media
1258 3297 1355 3384 pylo-

404 3401 478 3488 num
500 3405 551 3471 ala
573 3406 659 3488 (C),
682 3429 769 3493 quae
788 3428 910 3495 ‘paucos
932 3418 1050 3473 tantum
1069 3406 1171 3495 pedes
1194 3431 1212 3473 a
1233 3409 1351 3497 templo

404 3516 505 3585 distat
556 3519 661 3585 Janua
683 3521 742 3603 (c)
765 3517 805 3586 ab
823 3523 907 3586 -atu'o
929 3542 996 3587 non
1018 3520 1059 3587 ad
1080 3505 1230 3608 templum
1249 3523 1352 3610 ipsum

435 3745 667 3850 ‘iSaccrdotibus
684 3781 788 3858 inipso
806 3781 898 3860 templi
915 3779 1012 3838 ambitu
1029 3779 1159 3839 domicilia
1175 3780 1271 3854 luisse,
1288 3741 1349 3844 con·
1481 3685 1486 3884 l

469 3863 550 3939 licere
567 3864 631 3924 licet
647 3883 681 3925 ex
697 3863 835 3925 Helioderi
853 3866 975 3946 Actlriop.
993 3865 1052 3938 Vll,
1070 3869 1111 3929 11.
