3002 4544
1052 293 1101 370 m

127 505 130 512 ‹
220 467 272 534 Ab
300 481 436 536 extrema
462 472 587 555 porticu
612 489 722 534 versus
749 467 846 534 finem
871 469 993 536 insulae
1013 474 1104 538 meri

156 580 315 649 diunalem
348 581 595 668 procedentibus
628 593 747 648 tantum
783 603 849 647 non
882 582 1102 670 insuperabilis

155 706 203 760 est
238 698 298 760 via
357 693 506 780 Ubique
524 717 597 760 saxa
631 685 773 781 disjecta,
811 699 932 781 tugtur‘a
963 695 1103 763 Arabum

155 828 280 887 eversa,
314 817 403 872 vasta
431 829 508 872 cava
535 805 756 893 impedimenta
784 807 932 873 offerunt
988 795 1103 873 Facilis

155 941 303 984 ascensus
326 922 491 984 cacuminis
514 919 575 1001 (G)
599 943 616 984 a
638 922 851 1006 septentrione
874 931 992 986 tantum
1014 943 1104 1007 prae·

153 1030 261 1111 betur,
290 1035 402 1097 ceteris
430 1011 571 1117 partibus
599 1053 672 1097 saxa
700 1035 847 1119 grarritica
875 1044 1044 1120 praerupta
1070 1036 1103 1098 in

153 1127 261 1208 Nilum
284 1155 462 1230 verguntur.
515 1146 588 1209 Una
611 1146 719 1210 semita
741 1148 923 1224 arctissima,
952 1147 1048 1232 spinis
1072 1155 1104 1210 et

153 1255 312 1342 lapidibus
338 1277 443 1341 paene
470 1256 644 1336 obstructa,
672 1259 755 1322 iuter
781 1257 908 1326 fluvium
934 1269 970 1351 et
988 1260 1103 1323 montis

1154 482 1229 542 Pana
1246 483 1269 544 l

1147 599 1279 653 Ertrema

1115 668 1219 721 dnsnlue
1245 685 1314 737 pare

1115 739 1305 794 meridionalia.

153 1369 275 1434 radices
304 1380 365 1446 est,
394 1391 456 1455 qua
481 1371 577 1452 ¹imum
602 1369 717 1434 collem
738 1390 805 1435 non
827 1373 896 1435 sine
919 1369 1103 1436 difficultate
1204 1372 1206 1376 ’
1314 1357 1315 1360 “

154 1484 316 1545 circumire
342 1479 425 1546 licet.
476 1483 617 1565 Vestigia
644 1484 738 1557 muri,
769 1485 824 1565 qui
851 1493 949 1546 totam
969 1480 1104 1547 insulam

154 1590 230 1655 olim
260 1577 476 1669 circumdedit,
504 1611 605 1675 usque
634 1589 674 1654 ad
701 1589 841 1654 intimum
854 1591 977 1656 cliuum
998 1612 1105 1682 perse—

153 1705 208 1790 qui
230 1705 389 1804 potuimus
412 1725 430 1768 e
451 1706 580 1788 regione
603 1703 841 1789 septentrionali
856 1714 888 1768 et
902 1689 1112 1779 occidentalia
1149 1761 1152 1768 .

153 1817 187 1878 in
216 1825 352 1878 extrema
379 1825 468 1897 parte
497 1814 624 1878 australi
644 1835 804 1896 nunquam
817 1837 930 1896 miuus
950 1818 1105 1880 exstitisse

154 1923 289 2001 videtun
312 1925 429 2007 quippe
453 1943 534 2007 quae
556 1920 621 1986 loci
634 1933 745 1986 natura
762 1923 959 2008 appellandis
973 1923 1106 1988 navibus

140 2037 278 2116 'minime
299 2033 394 2097 luerit
413 2031 540 2097 idonea.
608 2057 632 2079 ·-
692 2059 694 2064 ’

220 2145 340 2210 Montis
375 2165 524 2208 cacumen
558 2124 631 2224 (G)
668 2142 808 2230 ejusdem
838 2145 906 2212 fere
935 2146 1106 2216 altitudinis

156 2269 204 2324 est
231 2281 270 2322 ac
296 2278 439 2349 summus
460 2254 577 2341 pylon,
610 2257 832 2342 quinquaginta
862 2262 985 2325 circiter
1005 2260 1105 2347 pedes

154 2361 249 2457 supra
281 2371 398 2434 flumen
431 2370 579 2432 eminens
624 2368 686 2431 Hic
717 2373 963 2454 septentrionem
995 2394 1105 2438 versus

84 2505 85 2508 ¹
154 2485 324 2570 praecipua
353 2479 475 2546 insulae
509 2491 711 2544 monumenta
743 2483 776 2544 in
798 2481 899 2546 oculis
929 2487 988 2549 sita
1017 2495 1103 2563 sunt;

154 2593 314 2660 meridiem
346 2613 455 2656 versus
489 2589 668 2658 latissimum
701 2591 768 2686 Nili
801 2615 922 2678 aequor
954 2599 1104 2675 cernitur,

156 2729 180 2772 e·
207 2703 365 2770 montibus
393 2704 581 2788 Aethiopiae
614 2701 740 2789 placido
775 2725 868 2767 cursu
894 2705 1103 2800 procedentis

155 2820 193 2883 ln
221 2821 289 2905 ripa
318 2815 462 2884 orientali
485 2825 631 2902 angtutus
653 2825 770 2880 tractus
790 2814 883 2890 viridi
905 2817 1030 2898 colore,
1044 2830 1105 2884 tu»

155 2933 249 3018 gun'is
278 2939 318 2994 et.
338 2926 503 2994 arboribus
531 2929 610 2990 raris
631 2926 767 3008 obsitus,
783 2927 910 2994 indicio
934 2941 994 3010 est,
1024 2942 1104 3018 quae
1146 3001 1147 3004 ,

155 3045 284 3107 maxima
298 3043 339 3105 sit
352 3041 486 3105 fluminis
502 3038 644 3105 altitudo.
680 3040 768 3105 Litus
785 3040 989 3122 occidentale
1010 3065 1105 3122 arena

155 3153 262 3240 libyca
285 3152 439 3232 obrutum,
460 3173 562 3239 pauca
580 3161 698 3218 tantum
719 3153 844 3218 humani
857 3152 960 3227 cultus
975 3157 1105 3241 vestigia

157 3265 290 3333 exhibea

221 3379 360 3465 Fastigio
382 3377 444 3460 (G)
465 3377 586 3456 relicto,
607 3378 705 3464 ripam
725 3375 848 3442 insidae
869 3373 1105 3460 meridionalem

155 3517 356 3546 -ιι-ι-φ-
387 3531 390 3538 s

1171 3397 1265 3450 Scalae

1122 3468 1315 3522 meridionaler.
1381 3453 1391 3472 ’

226 3582 427 3660 hieroglyphicis
444 3584 543 3658 signata
560 3590 629 3651 snut,
647 3603 661 3638 a
679 3579 778 3657 reliqua
795 3581 867 3658 rupis
884 3578 953 3636 mole
970 3589 1105 3658 separatus
1183 3600 1189 3606 ⁴

226 3679 276 3739 est,
293 3680 413 3746 quartum
430 3680 516 3726 autem
527 3668 594 3726 latus
611 3672 693 3726 instar
704 3668 774 3724 basis
786 3688 848 3726 saxo
861 3665 989 3724 adhaeret.
1021 3663 1104 3722 Tanta

226 3767 282 3814 erat
298 3756 418 3824 fiducia
410 3777 436 3814 m
455 3755 608 3813 difficillimo
626 3754 752 3811 avellendi
768 3753 870 3823 labore,
893 3763 970 3829 atque
988 3762 1041 3810 tam
1057 3773 1102 3874 pa·

226 3863 296 3912 rum,
314 3863 348 3900 ue
366 3841 526 3918 frangeretur
542 3841 622 3920 lapis,
638 3842 800 3906 verebantur

1185 3833 1190 3866 l
