3002 4544
204 495 279 554 Pana
297 497 328 554 ll.

197 1291 334 1344 Lucanus.

207 1953 315 2008 Plinius

213 2027 310 2092 rnojor.

374 307 425 381 92

377 484 561 561 alternatum
590 484 766 571 undique
794 495 1011 572 praerupta
1041 495 1089 551 est
1114 483 1230 562 insula,
1259 507 1326 550 non

376 608 479 662 autent
508 619 662 684 aspera,
691 619 761 661 cum
789 598 859 664 sola
889 611 927 663 ex
949 607 1005 663 tot
1020 595 1193 664 cataractae
1214 597 1324 662 insulis

376 707 416 772 ad
438 707 554 795 templa
577 707 772 774 aedificanda
794 709 896 775 solum
918 709 1046 796 planum
1064 707 1258 795 praebuerit3
1280 745 1325 758 -

374 820 476 912 Nilus.
506 839 582 910 eam·
609 843 738 907 neque
780 802 938 908 inagnns
974 843 1080 907 neque
1117 822 1324 887 violentus

373 930 568 1018 praelabitur
596 943 653 997 etc.
701 932 824 1019 Quibus
848 934 888 998 de
910 937 1143 1020 caussislsupra
1164 937 1197 998 in
1221 937 1325 999 conci-

373 1043 485 1108 liandis
516 1043 703 1130 scriptorum
732 1044 772 1110 de
801 1047 897 1110 Philis
927 1057 958 1110 ct
985 1045 1091 1111 Abato
1121 1045 1323 1132 opinionibus

372 1158 500 1220 minoris
533 1161 683 1242 momenti
718 1158 903 1223 credidimus
939 1161 1155 1223 auctoritatem
1182 1159 1323 1224 Senecae

372 1271 560 1354 nepotisque
595 1271 662 1355 ejus
695 1270 828 1350 Lucani,
863 1273 917 1355 qui
944 1274 976 1335 in
1005 1271 1111 1334 Phars.
1141 1269 1194 1334 lib.
1225 1273 1262 1334 X.
1292 1294 1322 1334 v.

372 1380 562 1448 ull-*326
592 1381 719 1468 longam
754 1392 786 1447 et
812 1393 1021 1467 praestantem
1047 1382 1114 1448 Nili
1141 1381 1323 1468 descriptio

371 1514 459 1571 nem,
481 1496 583 1579 patrui
604 1497 814 1560 narrationem
837 1507 921 1559 arcte
944 1507 1084 1573 secutus,
1106 1493 1249 1560 versibus
1273 1515 1321 1556 ex-

371 1608 498 1691 pressit;
536 1603 575 1669 cf.
605 1583 732 1671 Salmas
762 1606 784 1675 l.
814 1606 835 1671 l.
865 1631 896 1693 p.
926 1609 992 1672 439
1007 1607 1062 1685 B,
1096 1605 1152 1670 ubi
1182 1605 1322 1692 singulos

370 1717 492 1782 Lucani
522 1739 632 1785 versus
669 1742 739 1784 cum
772 1720 901 1807 singulis
935 1721 1076 1786 Senecae
1109 1716 1213 1782 verbis
1248 1739 1322 1780 con-

350 1917 352 1924 l
370 1823 523 1896 feruntur.

378 1939 390 1980 ⁶
436 1945 587 2030 Magnum
623 1965 703 2030 opus
733 1945 909 2009 Plinianum
943 1943 1098 2008 nonnulla
1132 1942 1172 2006 de
1205 1939 1322 2006 finibus
1369 1937 1372 1944 ⁴

370 2041 509 2136 Aegypti
529 2052 804 2128 meridionalibus,
832 2056 933 2114 minus
955 2063 1059 2115 tamen
1082 2061 1224 2114 accurata
1247 2072 1324 2114 con-

371 2165 468 2248 tinet,⁸
493 2159 606 2246 quibus
629 2163 710 2224 satis*
727 2160 845 2237 elucet,
874 2165 1058 2248 scriptorem
1080 2183 1185 2246 neque
1209 2164 1321 2241 omnia,

371 2295 453 2360 quae
477 2272 691 2357 descripserit,
719 2275 875 2351 visitasse,
904 2295 1009 2358 neque
1033 2272 1142 2339 eadem
1165 2281 1242 2336 cura¹
1261 2285 1323 2339 trass

353 2396 486 2459 ‘etassa
509 2386 547 2448 Η.
570 2385 611 2447 N.
627 2386 669 2462 V,
692 2386 744 2449 lo.
782 2386 804 2447 l.
828 2397 857 2468 p.
882 2386 947 2449 256
971 2385 1130 2450 ed.llar‹l.
1167 2386 1321 2464 „Ditionis

369 2497 525 2582 „Aegypti
559 2497 629 2563 esse
665 2498 774 2582 incipit
807 2497 942 2578 (Nilus)
979 2521 998 2562 a
1035 2497 1099 2562 fine
1133 2497 1320 2584 Aethiopiae

369 2611 509 2696 „Syencz
542 2611 586 2674 ita
614 2619 748 2674 vocatur
775 2609 941 2694 peninsula
969 2610 1055 2676 mille
1083 2631 1230 2695 passuum
1259 2632 1320 2688 am-

369 2720 470 2802 „bitu,
492 2725 525 2786 in
549 2743 611 2808 qua
634 2731 733 2785 castra
756 2731 828 2784 sunt
850 2719 948 2784 latere
971 2721 1122 2800 Arabiae,
1152 2733 1184 2786 et
1208 2745 1244 2790 ex
1267 2720 1320 2785 ad·
1409 2759 1415 2770 ·

369 2855 481 2916 „verso
495 2833 598 2898 insula
614 2833 662 2896 lv
677 2831 737 2912 (M.
753 2831 788 2895 P.
805 2831 935 2914 ambitu)
950 2834 1067 2920 Philae.
1090 2871 1134 2882 -
1162 2834 1319 2919 Elephan-

369 2949 426 3028 „tis
447 2945 549 3010 insula
571 2948 651 3008 intra
673 2943 873 3009 novissimum
897 2956 1073 3012 cataracten
1095 2947 1144 3012 IV
1165 2941 1211 3010 Μ.
1227 2946 1261 3010 Ρ.
1287 2956 1319 3010 et

368 3079 480 3144 „supra
511 3057 641 3142 Syenen
669 3057 746 3149 XVI
773 3058 820 3121 M.
852 3059 886 3122 P.
914 3058 1084 3136 habitatur,
1114 3060 1319 3143 navigationis

368 3165 666 3256 „Aegyptiaclines
690 3205 734 3216 —
755 3167 804 3232 Ibi
825 3169 1030 3256 Aethiopicae
1054 3173 1245 3235 conveniunt
1266 3193 1320 3234 na-

369 3305 456 3363 ,‚ves;
494 3297 629 3368 namque
671 3303 723 3346 cas
763 3280 916 3367 plicatiles
950 3283 1085 3346 heimoris
1107 3281 1319 3359 ‚transierunt

368 3395 533 3480 „quotiens
563 3393 603 3458 ad
630 3403 800 3460 cataractas
817 3404 956 3458 .ventum
986 3406 1033 3460 est
1055 3392 1117 3474 ay«
1168 3395 1318 3480 Quamvis

370 3569 571 3583 w

404 3682 432 3753 ἰ)
458 3680 489 3741 cl.
508 3677 615 3756 loseph.
633 3678 667 3736 tle
688 3679 721 3736 B.
739 3679 763 3738 J.
781 3675 827 3748 Ν,
846 3649 888 3746 Ill·
912 3661 971 3736 m
989 3682 1083 3756 Νεῖλος
1101 3677 1255 3736 ἀναπλεῖται
1271 3703 1319 3753 με·

394 3802 396 3806 -
438 3773 485 3842 χρλ
506 3769 552 3840 τῆς
567 3765 727 3840 Ἐλεφάντων
750 3773 906 3840 καλουμένης
924 3764 1032 3832 πόλεως,
1057 3767 1120 3840 ὑπὲρ
1140 3765 1173 3839 ἣν
1191 3774 1318 3842 εἴργουσιν

441 3863 593 3928 προσωτέρω
609 3861 702 3927 χωρεῖν
720 3853 767 3915 οὓς
786 3851 974 3928 προειρήκαμεν
992 3852 1168 3927 καταράκτας.
