3002 4544
1051 277 1102 358 25

154 453 387 540 macfiptianem
408 473 549 542 graecam
564 451 729 542 explorare
742 451 837 524 uobis
852 456 987 544 contigit,
1008 477 1101 544 quum
1154 469 1229 532 Pane
1246 469 1266 532 l.

155 565 218 630 hoe
238 563 313 631 loeo
335 586 518 653 proponere
538 566 628 632 haud
642 566 779 634 alienum
792 564 924 648 videtum,
947 591 1016 634 oum
1029 590 1103 636 nus-

156 697 257 762 quam,
278 679 339 742 nisi
351 677 496 758 faunum,
511 681 578 766 ejus
591 682 709 746 mentio
724 683 765 745 sit
778 680 867 746 facte
905 680 986 748 Sunt
999 691 1103 749 autem

157 786 222 854 duo
243 810 354 854 versus
375 792 419 856 ita
441 789 596 877 dispositi:
658 771 662 780 ¹

182 953 1081 1028 nszlnstzn'ronumsiozxsmsnlnixzsmonam

85 1107 87 1112 ¹
176 1051 1084 1108 ΘΕΟΙΕΠῙΦΑΝΕΙΣΚΑῙΠΤΟΛΕΜΑΙΟΣΟΥ[ΟΣΑΣΚΛΗΠΙΩΙ

306 1167 383 1238 „Rex
399 1167 564 1230 Ptolemaeus
582 1181 610 1229 et
626 1171 725 1250 lleginu
743 1147 895 1254 Cleopatra,
911 1181 915 1186 “

304 1261 352 1322 Dii
368 1268 516 1344 conspicui,
534 1267 562 1324 e't
577 1265 742 1326 Ptolemaeus
757 1268 836 1340 lilius,
853 1266 1039 1347 Aesculapio.“

221 1411 292 1476 Rex
306 1343 508 1480 Ptoldmaeua
525 1415 631 1480 nullus
650 1416 729 1482 alius
749 1427 810 1496 est,
828 1419 888 1481 nisi
906 1414 1106 1481 Ptolemaeo-

156 1545 224 1586 rum
247 1527 387 1609 quintus,
416 1529 466 1588 eui
490 1546 607 1590 nomen
629 1521 826 1613 Epiphani
848 1525 1055 1607 (uon-180
1078 1547 1104 1590 a.

157 1633 218 1702 Cla
235 1637 290 1716 m),
314 1631 533 1726 Cleopatra
553 1639 661 1725 regina
680 1639 773 1724 igitur
793 1635 1037 1720 filiahutiochi,
1057 1657 1107 1702 re-

156 1749 202 1834 gis
224 1748 351 1834 Syaiae,
378 1749 633 1836 Ptolemaeus
655 1748 765 1814 filius
794 1745 897 1814 nutem
919 1751 1015 1840 patris
1037 1767 1107 1812 suo-

158 1880 280 1935 cessor,
304 1860 366 1920 ,cui
392 1869 506 1942 postea
533 1859 739 1923 Philometori
767 1880 943 1943 cognomen
975 1857 1108 1925 inditum

159 1978 215 2033 est
254 1969 468 2054 Inscriptiouis
482 1978 604 2053 tempus
628 1968 857 2054 augustion'bus
879 1967 1028 2034 limitibus
1051 1971 1108 2032 cir-

158 2078 322 2176 cumscrihi
341 2088 457 2165 potest,
479 2081 506 2143 si
528 2074 785 2159 consideraveds,
806 2079 1023 2145 Ptolemaeum
1036 2079 1112 2144 Phi-⁴
1312 2101 1319 2118 ·

157 2192 344 2259 lometouem
366 2201 473 2256 natum
498 2211 566 2256 esse
593 2193 763 2257 ann0187
788 2215 815 2257 n.
840 2192 901 2259 Ch.
924 2213 965 2270 n.‚
987 2201 1107 2278 patrem
1198 2171 1202 2178 ⁵

158 2316 260 2370 autem
285 2324 411 2371 veneno
433 2314 578 2368 necatum
600 2325 684 2369 anuo
708 2305 788 2382 loo,
815 2303 902 2370 unde
923 2303 1031 2369 sacelli
1054 2302 1108 2370 de-

157 2417 303 2484 dicatio
294 2438 327 2482 m
349 2425 486 2502 septem
492 2436 644 2481 annorum
667 2419 780 2482 seriem
802 2417 930 2496 (187-
939 2417 1017 2498 180)
1033 2437 1108 2481 oon-

158 2529 302 2596 cluditur.
354 2529 520 2592 Praeterea
540 2503 714 2592 notandum
737 2538 798 2607 est,
822 2527 996 2612 epitheton.
1029 2525 1109 2590 Θεοὶ

154 2637 343 2731 ’Enipeum
362 2639 438 2704 alias
459 2660 526 2703 non
553 2637 616 2726 legi
642 2641 702 2706 nisi
728 2639 867 2723 adjecto:
900 2629 1108 2723 Εὐχάριστοι,

115 2757 117 2762 ’
157 2764 194 2819 ut
220 2757 253 2817 in
280 2750 384 2839 lapide
406 2749 595 2816 Raschidico
617 2752 651 2814 in
675 2752 879 2836 insmiptione
899 2746 1108 2834 Antaeopoli-

158 2876 231 2932 tana
254 2875 285 2929 et
305 2865 338 2928 in
359 2860 512 2949 plinthide
535 2863 673 2948 aLyoiis
696 2861 839 2927 dedicata
853 2859 897 2943 ¹¹).
942 2861 980 2926 ln
1000 2861 1109 2925 inscii-

158 2965 268 3065 ptione
295 2984 404 3040 nostra
432 2983 565 3061 propter
591 2971 656 3038 loci
677 2977 847 3064 angustiam
868 2973 961 3062 plura
988 2971 1106 3040 addere
1157 3005 1160 3012 ,

158 3111 226 3156 uon
244 3075 346 3154 licuit.

224 3201 356 3266 Praeter
381 3201 464 3265 hano
489 3196 671 3286 Aesculapii
702 3199 892 3265 mentionem
925 3198 960 3263 in
992 3215 1107 3281 magno

158 3315 396 3417 iusouiptiouum
431 3309 623 3377 Philensiiun
656 3291 789 3376 numero
825 3311 1000 3376 invenimus
1036 3305 1107 3372 nul-

159 3425 230 3492 lam
279 3425 417 3490 Maxima
438 3445 511 3511 pars
532 3425 768 3488 venerationem
790 3446 808 3488 a
829 3419 954 3508 regibus
977 3429 1009 3486 et
1029 3422 1111 3508 rego

158 3541 207 3608 nis
229 3535 305 3604 Isidi
325 3535 417 3602 Deae
438 3533 574 3603 habitam
596 3522 961 3613 testamenmentum
983 3533 1110 3621 Aphro-

159 3673 360 3692 --—

195 3744 222 3816 4)
245 3744 307 3820 Quo
329 3743 364 3802 de
386 3743 505 3802 conferas
526 3740 697 3800 hettonuium
717 3739 770 3798 ll
795 3760 821 3820 p.
839 3743 882 3799 51.
924 3737 1108 3817 champollion

232 3829 327 3908 l'igeue
344 3829 459 3890 Amnes
476 3829 525 3888 des
542 3827 662 3906 Lapides.
679 3826 793 3898 lello
