3002 4544
1054 317 1125 390 101

178 494 415 582 Blemmyorum
441 498 569 560 nomina
590 497 806 572 innotescunt,
834 496 889 581 qui
910 494 1128 561 Romanorum
1154 589 1157 596 Ι
1179 504 1254 563 Pras
1273 505 1305 563 11,
1374 499 1381 517 '

178 617 289 687 aetate,
313 607 516 674 Thebaidem·
529 605 759 676 iniursionibus
779 607 972 684 infestantes,
994 605 1128 671 multifa-

177 721 225 783 ria
246 717 338 783 clade
361 720 468 786 afflicti
490 732 562 786 sunt
578 718 622 802 *).
662 721 699 785 In
715 718 856 785 Arabum
873 721 997 807 scriptis
1014 718 1128 806 popuii

177 845 327 933 Aegypto
367 850 551 924 contermini
589 859 771 914 constanter
807 848 923 914 Nubae
967 840 1127 974 (gif)

177 985 345 1053 vocantur,
379 974 516 1041 obscuro
544 987 647 1042 autem
676 987 723 1042 est
750 975 878 1042 illorum
906 979 1037 1044 historia
1070 999 1129 1065 per

176 1087 274 1152 multa
288 1086 423 1153 saecula.
461 1067 679 1176 Superest,⁸ut
700 1089 887 1154 hodiernum
908 1101 1030 1169 statum,
1052 1112 1129 1176 qua-

177 1209 268 1264 tenus
289 1202 445 1264 viatorum
467 1187 742 1267 observationibus
766 1204 908 1288 cognitus
932 1211 993 1282 est,
1019 1204 1128 1289 paucis

11 1379 13 1386 ,
177 1311 406 1378 adumbremus.
452 1315 632 1400 Aequrtum
653 1313 729 1379 inde
752 1310 793 1378 ab
815 1313 1005 1378 Alexandria
1027 1333 1128 1400 usque

11 1413 13 1498 Ξ
44 1473 60 1514 ·.
177 1423 218 1487 ad
247 1424 378 1510 Syenen
406 1423 530 1491 Arabes
558 1437 682 1503 tenent,
715 1447 815 1512 parvo
846 1424 1045 1510 Coptitarum
1071 1445 1130 1490 nu-

176 1556 265 1599 mero
287 1539 479 1613 intermixto;
504 1558 613 1603 omnes
636 1547 739 1602 autem
760 1535 866 1621 lingua
880 1533 1025 1608 Arabica
1038 1546 1130 1613 utun-

176 1637 237 1711 tnrss
288 1649 376 1712 Inter
397 1648 527 1733 Syenen
556 1661 588 1714 et
609 1649 714 1713 Philas
737 1647 799 1712 alia
821 1647 996 1713 offenditur
1015 1647 1130 1734 lingua,

54 1785 57 1794 ·
176 1771 294 1825 vocant
316 1757 502 1839 Barabram,
532 1773 564 1826 et
593 1760 717 1824 diversa
745 1761 905 1824 hominum
927 1763 1035 1846 stirps,
1061 1735 1131 1824 Nu:

176 1869 247 1948 bae,
274 1874 329 1957 qui
351 1893 453 1958 usque
477 1872 517 1936 ad
539 1872 708 1938 secumdam
731 1883 916 1937 cataractam
937 1870 1132 1936 Wadi-Hal-

175 1981 297 2047 iensem
335 1995 478 2068 pergunt.
542 1967 691 2069 Sequitur
725 1986 817 2069 stirps
851 1983 1058 2070 Dongolana,
1099 1993 1131 2047 et
1227 2051 1232 2062 ,

175 2091 282 2180 lingua
312 2104 344 2159 et
367 2115 536 2178 corporum
558 2093 668 2160 habitu
690 2117 708 2158 a
731 2093 889 2179 prioribus
912 2094 1051 2170 diversa;
1077 2117 1132 2158 va-

176 2209 231 2272 stis
254 2206 386 2272 desertis
410 2217 591 2293 segregatur
613 2229 631 2270 a
653 2209 757 2293 regnis
775 2205 903 2270 Schindi
926 2216 958 2270 et
979 2205 1130 2284 sennaar,

175 2323 209 2384 in
232 2317 346 2405 quibus
369 2317 473 2404 lingua
502 2317 628 2403 quidem
652 2330 699 2384 est
720 2293 872 2396 Arabica,
899 2340 1003 2383 mores
1027 2328 1130 2386 autem

179 2443 211 2500 et
237 2431 362 2496 habitus
384 2429 425 2496 ab
447 2429 606 2496 Arabibus
628 2431 830 2517 Aegyptiacis
858 2429 953 2516 longe
977 2429 1128 2494 diversus.

166 2543 340 2617 'Ulteriora
375 2555 478 2609 terrae
515 2563 616 2628 usque
650 2540 690 2605 ad
723 2535 940 2606 Habessiniam
972 2543 1145 2628 incognita.

178 2667 258 2722 sunt
1096 2673 1100 2682 ’

558 2815 751 2826 ...a-—o-n——n

244 2990 393 3076 Denique
428 2999 464 3053 ut
496 2987 619 3058 insulae
647 2990 807 3055 historiam
835 2986 974 3054 breviter
1002 2991 1131 3075 attinga-
1168 2999 1311 3085 Portarum

178 3124 260 3180 mus,
283 3103 502 3168 florentissima
529 3099 624 3166 fuisse
650 3089 789 3178 ridetur,
819 3122 883 3186 quo
914 3112 1056 3187 tempore
1085 3099 1130 3164 oh
1176 3071 1302 3124 '‘mm‘'

98 3293 104 3300 ,
178 3215 323 3280 Deorum
344 3214 612 3300 Aequstiacorum
641 3203 757 3277 cultum
785 3215 945 3278 maximam
967 3197 1130 3278 celebrita-

178 3338 242 3393 tem
269 3323 415 3390 habebat
467 3326 548 3393 Eum
575 3334 678 3390 autem
698 3345 766 3389 uon
787 3324 891 3390 solum
913 3323 1129 3391 Pharaonibus

178 3436 395 3534 regnantibus,
425 3437 482 3503 sed
511 3441 604 3504 etiam
632 3436 829 3503 Graecorum
858 3446 891 3502 et
914 3437 1129 3503 Romanorum

212 3703 240 3776 *)
258 3701 335 3760 Plinii
353 3703 525 3783 „Catmiupos
543 3705 665 3780 gentem“
683 3700 751 3758 haud
768 3699 873 3758 insolito
892 3719 981 3757 errore
1000 3699 1129 3758 aGraeca

248 3799 393 3847 cataractae
411 3792 623 3849 denominatione
639 3791 766 3865 originem
784 3789 889 3847 duxisse
907 3807 1054 3846 censemus,
1070 3785 1128 3859 (VI,

248 3881 292 3934 35.
308 3876 404 3948 Hard.)
