3002 4544
247 515 324 576 Pons
341 515 361 574 l.

235 1187 363 1242 Porticus

210 1258 388 1328 occidentalia.

249 2097 344 2152 loculo

244 2167 369 2238 Bagai,

217 2230 375 2292 causatum

214 2324 305 2363 πεπτω
321 2309 384 2374 rita,

304 2463 316 2505 l

412 501 465 566 De
485 503 661 568 serenitate
689 500 773 568 coeli
800 503 976 589 aegyptiaci
1004 511 1036 566 et
1057 502 1098 568 de
1121 505 1258 568 siccitate
1281 499 1362 569 alitis

413 614 446 679 id
469 611 671 680 clarissimum
693 614 867 701 exemplum
890 615 990 692 affert,
1006 614 1105 702 'quod
1126 617 1294 701 inscriptio,
1315 618 1363 679 in-

411 737 461 792 ter
489 743 603 791 annum
632 729 676 792 70
705 738 736 793 et
763 727 806 792 53
835 750 861 792 a.
886 727 945 794 Ch.
968 749 998 792 n.
1029 731 1186 814 pigmento
1208 727 1306 793 rubro
1328 729 1363 792 in

412 837 517 924 lapide
551 849 690 918 exarata,
726 848 775 904 tot
808 839 1006 904 saeculorum
1039 843 1142 927 spatio
1176 843 1362 927 praeterito,

413 950 523 1015 eadem
546 949 695 1016 facilitate
718 950 781 1037 legi
802 962 915 1038 potest,
938 973 1030 1089 quam
1053 974 1118 1039 quo
1140 963 1283 1110 tempore
1305 973 1364 1040 po-

411 1065 470 1127 sita
492 1062 561 1127 fuit.

477 1175 604 1260 Prope
614 1173 825 1241 obeliscum
815 1197 848 1240 m
873 1197 963 1242 muro
986 1105 1184 1242 meridionali
1205 1176 1362 1242 fenestrae

409 1286 516 1351 lumen
552 1297 615 1365 est,
652 1287 740 1373 quod
757 1300 970 1374 prospectum
999 1305 1094 1376 supra
1121 1288 1244 1368 Nilum,
1270 1300 1361 1354 vasto

410 1401 558 1484 aequoris
582 1420 693 1484 campo
717 1399 891 1479 dilatatum,
919 1400 1061 1487 praebet.
1111 1403 1184 1466 Pari
1210 1401 1307 1467 modo
1329 1404 1363 1465 in

409 1531 500 1575 muro
523 1513 663 1596 porticus
687 1512 876 1578 occidentali
898 1515 962 1596 (D)
984 1513 1100 1580 multae
1122 1515 1279 1580 fenestrae
1300 1535 1363 1578 ma-

408 1623 495 1708 jores
521 1633 552 1686 et
573 1626 711 1688 minores
735 1635 870 1702 exstant,
893 1647 970 1711 quas
995 1627 1109 1690 eodem
1131 1638 1273 1712 tempore
1297 1649 1362 1712 quo

408 1737 567 1820 porticum
590 1733 864 1800 aedificatas‘esse
886 1738 961 1801 inde
977 1748 1115 1824 apparet,
1139 1737 1364 1824 quodintema

409 1865 515 1914 earum
546 1846 654 1913 latera·
680 1847 791 1913 iisdem
819 1845 933 1934 sagmis,
955 1842 1223 1937 hieroglyphicis,
1249 1827 1363 1937 quibus

407 1957 548 2046 reliquae
571 1963 677 2044 operis
699 1971 821 2043 partes,
843 1975 993 2026 ¹aromata
1010 1973 1095 2025 sunt.

453 2072 559 2131 Hinc
586 2055 791 2150 prospicienti
819 2071 922 2132 vicina
949 2089 1020 2132 sese
1049 2070 1145 2133 offert
1166 2069 1283 2148 insula,
1313 2077 1364 2136 cui

402 2177 494 2265 apud
507 2175 630 2242 Arabes
652 2178 908 2263 Bagchnomen,
931 2177 972 2242 de
995 2202 1058 2264 qua
1080 2180 1239 2245 hocloco
1261 2204 1364 2267 pauca

409 2289 546 2377 adjicere
567 2288 723 2354 volumus.
769 2289 904 2356 Constat
926 2289 1056 2358 rudibus
1078 2293 1294 2372 sanis,'Philas
1318 2295 1363 2360 al-

319 2432 320 2452 1
408 2401 540 2468 titudine
562 2401 659 2488 longe
681 2401 919 2488 superantibus:
948 2405 989 2468 In
1006 2406 1157 2469 montium
1178 2405 1285 2472 radice
1306 2406 1363 2472 be-

303 2535 314 2616 }
407 2515 512 2606 nefica
544 2514 622 2579 Nili*
645 2513 733 2578 unda
769 2513 943 2601 paullulum
979 2516 1260 2603 humi‘deposuit,
1296 2542 1360 2606 quo

282 2617 314 2729 i

408 2628 523 2694 facttun
553 2636 614 2704 est,
643 2619 814 2690 ut'Nubae
842 2627 989 2691 nonnulli
1015 2627 1060 2692 ibi
1087 2628 1264 2696 habitacula
1286 2654 1361 2697 cons

406 2743 571 2807 stituerint.
623 2740 736 2804 Tenue
758 2740 892 2804 fluminis
906 2737 1088 2810 brachium
1102 2743 1219 2809 insulas
1234 2743 1360 2824 dividit,

409 2855 497 2939 cujus
520 2851 641 2928 tantula
665 2861 712 2943 cst
734 2851 945 2937 profunditas,
967 2864 1003 2917 ut
1025 2843 1158 2932 aestate,
1182 2855 1361 2920 affirmanti-

297 2959 298 2968 *
406 2962 468 3029 bus
489 2962 610 3042 incolis,
632 2961 725 3027 vado·
740 2967 864 3028 transiri
891 2967 1003 3051 possit:
1051 2965 1259 3042 In'elatiore·
1275 2951 1361 3032 insu-

344 3109 347 3114 *
407 3075 458 3140 lae
480 3075 589 3160 Bagcb
610 3085 700 3161 parte
725 3098 762 3140 ex
784 3077 1115 3164 oppositonilamm,
1137 3079 1246 3166 templi
1266 3103 1360 3167 aegy-
1400 3107 1403 3117 =

407 3189 502 3275 ptiaci
523 3186 638 3252 rudera
661 3191 909 3275 conspiciuntur,
937 3189 1098 3255 nonnullis
1119 3190 1284 3256 Nnbarum
1312 3203 1360 3256 tu-
1483 3269 1484 3272 Ἴ

408 3302 502 3384 guriis
529 3299 641 3364 cincta.
692 3301 778 3364 Muri
805 3303 993 3386 circumjecti
1017 3303 1146 3388 vestigia
1175 3301 1359 3390 parvitatem
1483 3297 1484 3322 l

411 3409 584 3480 ostendunt
604 3411 832 3499 templi„quod
853 3411 982 3478 Abaton
1004 3416 1190 3500 scriptorum
1213 3438 1291 3494 esse,
1312 3421 1359 3482 in-

407 3521 456 3588 fra
478 3521 768 3591 demonstrabimus.
810 3526 848 3590 In
870 3527 936 3611 ipsa
959 3525 1050 3589 fluvii
1066 3527 1135 3612 ripa
1156 3527 1259 3594 scalae
1282 3528 1358 3616 lapi·
1483 3525 1484 3576 ἶ

476 3785 681 3929 ejusderp4regfs
698 3793 872 3864 comparatam
894 3788 1011 3862 reperies
1030 3787 1110 3917 apud
1115 3787 1288 3848 betromium
1303 3788 1321 3847 l
1338 3787 1356 3846 l

476 3891 534 3950 pap
553 3877 568 3928 l
