3002 4544
392 327 441 403 44

392 503 550 572 Strabone
578 505 699 588 (XVII,
720 527 752 592 p.
775 505 870 588 818.)
891 502 989 570 Philia
1017 503 1107 585 culti,
1134 506 1255 570 monuit
1275 503 1342 568 De-

391 621 506 683 nonius
528 619 578 706 (p.
601 619 728 703 ml).
779 618 887 683 Minos
909 629 1073 795 rectssnut
1093 615 1187 686 nobis
1208 615 1342 694 videtur,

391 730 601 797 Hamiltonius
629 730 782 812 (Travels
810 755 842 818 p·
871 731 945 813 50.)
1005 729 1173 795 iOsin‘dis
1202 728 1342 794 defuncti

392 865 509 930 corpus
531 843 708 930 depositum
729 843 826 909 tuisse
849 854 964 922 censet,
987 865 1057 908 cum
1077 864 1183 928 neque
1206 839 1341 906 Osiridis

392 956 571 1042 sepulcrum
598 958 631 1022 in
659 954 761 1020 insula
789 956 896 1035 fuerit,
924 978 986 1022 nec
1013 954 1148 1021 Osiridis
1178 953 1279 1019 cultus
1307 953 1342 1018 in

390 1071 595 1155 inscriptione
617 1067 684 1132 ulla
706 1077 978 1164 commemoretur,

188 1197 319 1254 Amemus
338 1203 376 1255 aa
455 1181 486 1245 Α
508 1192 601 1266 porta
622 1180 676 1263 (f)
706 1181 901 1247 dextrorsum
932 1179 1036 1245 scalae
1064 1178 1180 1247 leniter
1206 1178 1340 1244 acclives

231 1272 325 1339 templi

225 1348 331 1396 tectum.

391 1293 451 1379 (g)
480 1295 514 1358 in
542 1303 658 1358 tectum
686 1309 808 1358 sursum
836 1293 950 1358 ferunt.
1001 1290 1101 1378 Quod
1122 1291 1273 1378 templum
1293 1289 1342 1354 lu-

389 1403 559 1471 strantibus
587 1427 627 1470 eo
650 1408 765 1493 gratius
788 1417 850 1484 est,
880 1401 950 1470 cuni
970 1408 1004 1469 in
1026 1407 1137 1475 ceteris
1159 1415 1342 1470 monumen-

389 1519 429 1582 tis
450 1520 605 1582 rarissime
627 1520 847 1605 opportunitas
871 1517 943 1584 data
964 1521 1018 1597 sit,
1045 1528 1160 1583 tectum
1181 1515 1357 1592 visitandi;·

366 1666 433 1688 ,-
463 1639 512 1692 cst
539 1631 622 1692 enim
650 1639 704 1694 aut
729 1643 961 1696 caementorum
983 1631 1128 1718 pondere
1149 1630 1341 1716 prolapsum,

391 1752 445 1830 aut
466 1739 522 1805 obi
542 1744 698 1819 remansit,
720 1741 824 1807 scalae
846 1741 968 1808 dirutae
984 1764 1146 1808 ascensum
1159 1739 1339 1828 prohibent

389 1854 480 1929 Eum,
495 1857 550 1941 pui
567 1872 604 1917 ex
616 1874 736 1940 stimmo
747 1853 870 1942 fastigio
882 1857 978 1922 totius
990 1853 1125 1921 aedilicii
1135 1864 1249 1940 statum
1264 1872 1340 1916 con-

389 1959 566 2072 templatur,
588 1963 750 2030 admiratio
765 1966 857 2044 subit,
881 1991 945 2051 quo
968 1968 1115 2032 fortunae
1136 1966 1246 2031 favore
1261 1967 1341 2029 inte-

389 2088 444 2162 gra
458 2078 550 2159 hujus
572 2077 766 2138 monumenti
787 2074 888 2138 forma
911 2078 950 2138 sit
967 2084 1160 2139 conservata.
1199 2075 1338 2140 Maxima

390 2186 550 2273 diligentia
566 2183 709 2270 dispositi
723 2193 795 2250 sunt
809 2182 932 2270 lapides
951 2184 1102 2270 quadrati,
1124 2188 1224 2264 itaut,
1248 2185 1338 2252 nulla

388 2299 606 2364 materiaticne
631 2297 685 2361 vel
715 2299 986 2381 concameratione
1015 2294 1167 2376 adbibita,
1195 2301 1263 2364 sine
1285 2322 1340 2364 an-

388 2415 430 2477 sis
453 2411 562 2475 ferreis
583 2408 637 2474 vel
659 2407 883 2487 subscudibus,
904 2408 1042 2496 lapidum
1063 2409 1226 2495 juncturae
1248 2432 1339 2480 accu-.

387 2526 538 2589 ratissimo
573 2527 696 2587 coliant.
759 2522 917 2586 Summum
950 2520 1126 2588 aedificium
1158 2527 1348 2610 proiectura¹

338 2671 344 2677 -
390 2637 479 2722 quasi
506 2633 606 2700 lorica
635 2633 743 2713 ambit,
778 2645 810 2700 et
838 2657 876 2699 ea
903 2638 1039 2713 ratione,
1068 2657 1160 2721 quam
1189 2634 1268 2700 Tab.
1297 2640 1335 2702 ll.

387 2748 496 2836 forma·
523 2749 545 2812 8
576 2746 812 2824 illustravimus,
850 2769 961 2833 aquam
993 2746 1162 2833 pluvialem
1197 2746 1335 2816 demittit.

186 2869 371 2926 stillicidium.
387 2861 464 2924 Duo
498 2871 603 2924 tresve
632 2857 808 2945 crepidines
836 2880 995 2924 recessum
1022 2859 1153 2938 habent,
1188 2863 1276 2946 cujus
1303 2866 1337 2928 in

388 2972 461 3038 solo
495 2971 671 3059 paullulum
705 2982 853 3036 excavato
889 2981 921 3036 et
953 2975 986 3038 in
1017 2972 1154 3038 medium
1186 2973 1339 3070 inclinato

389 3083 581 3150 canaliculus
603 3083 759 3148 verticalis
780 3094 842 3182 pst.
894 3084 977 3152 Infra
1007 3084 1197 3172 crepidinem
1223 3089 1258 3150 in
1288 3083 1338 3152 dx-

388 3210 481 3265 temo
504 3196 612 3283 templi
634 3200 754 3283 pariete
775 3196 879 3274 leonis
900 3198 1030 3282 jacentis
1052 3197 1153 3263 forma
1172 3197 1340 3285 prominet,

389 3321 483 3395 atque
511 3312 594 3376 inter
619 3308 718 3397 pedes
747 3332 806 3397 per
828 3304 1033 3374 canaliculum
1054 3297 1341 3378 stillicidiumsexit,

388 3422 585 3512 Quamquam
607 3421 704 3487 Philia
732 3422 821 3487 calor
848 3420 926 3508 solis
953 3432 1024 3487 toto
1046 3443 1129 3488 anno
1157 3424 1226 3489 iere
1253 3423 1338 3490 idem
1369 3495 1381 3524 ι

388 3546 449 3614 est,
477 3546 666 3624 montesque
695 3535 949 3621 circumjacentes
970 3544 1084 3600 ventos
1108 3533 1265 3615 detinent,
1292 3540 1339 3609 i}

387 3646 510 3714 tardum
532 3658 637 3712 tamen
658 3645 780 3712 subitae
803 3648 988 3711 coorientur
1008 3656 1219 3733 tempestates,
1240 3659 1272 3714 et
1292 3651 1342 3714 in-.

387 3761 473 3846 genti
506 3781 575 3823 cum
608 3757 733 3843 fragore
762 3758 981 3826 densissimum,
1004 3757 1136 3828 imbrem
1164 3761 1337 3828 demittunt

368 3871 480 3960 ,Aqua
513 3879 617 3960 antem
650 3878 713 3936 tam
741 3869 887 3956 celeriter
914 3869 1043 3954 diffluit,
1077 3882 1156 3973 cta
1183 3873 1342 3950 redeunte
