3002 4544
1068 307 1148 396 21(

168 481 243 550 illae
264 483 497 571 inscriptiones,
526 481 640 570 quibus
666 481 788 571 figurae
809 483 998 552 lineamenta
1019 484 1117 552 literis
1172 495 1284 556 Paret
1330 555 1334 562 ,

168 599 287 683 graccis
313 595 468 662 inculcata
496 605 583 675 sunt,
611 597 851 662 annorum107
876 595 916 670 ad
937 598 981 662 64
1004 620 1031 662 a.
1055 595 1115 665 Clu

167 730 199 776 n.
222 719 302 786 sunt
323 727 428 795 neque
450 705 601 773 credibile
624 717 679 786 est,
701 704 832 774 alterum
847 718 959 774 votum
978 711 1011 774 in
1025 730 1116 777 muro

167 818 276 906 figcuis
297 818 430 907 repleto,
452 819 583 884 alterum
603 822 637 884 in
658 841 748 886 muro
769 820 857 887 nudo
872 823 1041 886 memoriae
1056 831 1117 886 tra-

168 929 266 996 ditum
293 931 410 1006 fusse,
449 931 484 998 Si
504 934 596 1018 igitur
616 935 719 1018 magni
739 932 898 1032 Philprum
919 933 1048 1018 pylonis
1070 935 1116 998 iu·

167 1045 367 1128 scriptiones,
396 1065 478 1132 quae
507 1045 595 1110 annis
624 1044 687 1109 107
715 1043 756 1110 ad
777 1046 821 1110 64
835 1027 871 1109 a.
894 1043 954 1112 Ch.
977 1065 1008 1112 n.
1033 1065 1117 1138 com-

166 1152 416 1240 prehenduntur,
443 1158 555 1245 partim
582 1157 669 1243 signa
697 1156 934 1244 hieroglyphice
954 1159 1117 1222 interam
1166 1211 1168 1214 .

166 1277 254 1354 punt,
275 1268 387 1353 partim
407 1269 444 1332 iis
467 1270 715 1357 circumscriptae
738 1281 818 1361 sunt,
838 1268 913 1334 inde
936 1268 1045 1355 colligi
1061 1290 1117 1334 ue·
1165 1321 1169 1328 .

168 1379 243 1463 qcrit,
264 1389 431 1465 utrumque
454 1378 566 1446 eodem
588 1391 731 1468 tempore
747 1401 816 1446 esse
831 1380 954 1458 factem,
976 1380 1034 1446 sed
1047 1383 1117 1466 ipsa

165 1492 300 1555 varietas
328 1494 362 1556 in
388 1489 486 1557 literis
515 1490 956 1576 disjrmgurdisrecentiorem
979 1494 1117 1556 omnium

164 1601 402 1688 inscriptionum
434 1623 612 1689 graecarum
646 1611 780 1667 aetatem
812 1599 1009 1668 corroborat
1063 1601 1117 1670 Ad

165 1714 246 1798 regis
272 1714 371 1798 ipsius
397 1725 510 1779 votum·
534 1711 794 1798 comigrraudum,
821 1734 927 1778 murus
952 1713 1116 1780 litbocolla

166 1822 383 1908 complanatus
411 1833 472 1900 est,
500 1824 705 1906 Lysimachus
734 1834 842 1886 autem·
864 1844 1022 1901 assessor,
1049 1827 1120 1908 quo·

165 1932 241 1996 loco
265 1929 547 2016 commodissimum
568 1933 697 2016 putavit,
718 1941 829 1995 voum
842 1930 1014 2017 adscripsit.
1053 1930 1118 1996 Ga-

164 2045 234 2107 vius
255 2044 289 2128 in
312 2060 411 2126 opere
432 2043 712 2126 praestantissimo,
738 2041 953 2106 Monumentis
974 2040 1117 2110 Nubiem

164 2150 252 2220 sibus
281 2149 362 2216 Tab.
389 2151 458 2229 XL,
489 2172 636 2238 magnam
658 2137 895 2238 inscriptionum
922 2153 1114 2220 Philensium
1155 2199 1157 2204 .

165 2267 289 2352 copiam
311 2261 447 2349 collegit,
469 2251 595 2349 quibus,
612 2261 671 2328 rel
688 2265 742 2350 qui
765 2264 882 2354 templa
906 2287 973 2334 non
995 2265 1115 2346 adierit,

165 2377 207 2442 de
230 2398 270 2444 eo
294 2373 382 2462 quod
404 2373 534 2439 diximus
554 2373 804 2462 persuadebitur.
1234 2463 1237 2470 Ι

229 2486 328 2554 Aliud
351 2486 471 2553 accedit
492 2499 714 2582 argumentum,
736 2486 824 2575 quod
846 2509 972 2554 omnem
993 2488 1033 2555 de
1054 2483 1125 2555 hao'

165 2622 201 2668 re
228 2600 457 2666 dubitationem
483 2597 666 2666 removebit.
717 2598 752 2665 Si
778 2601 861 2664 enim
887 2603 1041 2666 vetustior
1068 2610 1117 2667 est

164 2715 326 2800 inscriptio
348 2733 468 2798 graeca,
489 2709 546 2776 illo
568 2721 711 2798 tempore
726 2733 794 2776 eam
808 2710 919 2776 factam
936 2733 1005 2777 esse
1020 2734 1116 2798 opor*

165 2835 306 2912 tet-quo
328 2823 432 2910 pylon
454 2831 632 2889 exstructus·
647 2822 783 2909 quidem,
803 2843 865 2888 nec
886 2834 990 2888 tamen
1005 2821 1114 2910 figuris

164 2937 408 3024 hieroglyphicis
431 2944 559 2999 amatus
583 2944 665 3010 erat,¹
692 2933 780 3022 quod
801 2937 829 3001 si
849 2937 1008 3021 ponimus,
1031 2933 1114 2999 ditfi-
1214 3011 1217 3014 ¹
1316 3013 1319 3018 .

166 3049 226 3114 cile
254 3060 302 3115 est
328 3046 505 3124 intellectu,
534 3044 697 3132 quomodo
724 3026 958 3134 inscriptionem
981 3044 1113 3133 opifices

85 3203 89 3212 ·
164 3158 403 3262 nonyiden‘ut,
428 3160 482 3246 qui
502 3159 730 3224 accuratissima
751 3140 908 3248 diligentia
930 3157 1046 3244 figuras
1067 3159 1114 3222 in-

164 3269 389 3360 sculpserunta
413 3269 509 3336 credo
545 3268 739 3336 delevissent
766 3291 849 3348 eam,
883 3272 1001 3356 quippe
1031 3289 1113 3365 quae

165 3386 331 3450 etiamnum
358 3381 467 3450 locum
492 3379 657 3468 depravet,
689 3401 873 3468 murumque
901 3379 1011 3446 eadem
1038 3402 1115 3446 cura·

165 3517 229 3584 qua
250 3506 371 3561 ceteras
392 3503 497 3582 partes
518 3492 738 3580 laevigassenta
782 3493 899 3578 Neque
925 3491 1022 3558 facile
1047 3513 1113 3557 cre

165 3607 236 3688 das,
256 3607 354 3673 literis
377 3603 522 3671 delendis
541 3627 677 3692 unquam
700 3626 887 3694 quemquam
908 3626 1036 3693 operam
1059 3603 1112 3670 de·

165 3718 267 3799 disse,
284 3722 347 3786 imo
371 3721 508 3808 exceptis
529 3720 581 3798 iis,
610 3739 692 3805 quae
714 3739 784 3784 cum
805 3715 969 3784 lithoeolla
991 3716 1118 3782 excide--

165 3842 252 3913 runt,
279 3852 388 3900 omues
416 3853 517 3920 aeque
540 3830 684 3917 expedite
705 3851 790 3897 nimo
810 3828 874 3916 legi
894 3839 1041 3927 possint,
1069 3837 1113 3891 at-
