3002 4544
1030 301 1094 382 ²85
1152 399 1156 408 .

139 483 297 548 Philarum
317 484 448 567 mentio
479 492 540 561 est,
576 505 645 547 cum
674 483 838 549 Lenonnii
868 479 1094 551 emendationi·
1139 495 1265 555 Pras-th

139 592 207 660 bus.
220 597 272 660 hic
293 593 482 680 repetendas
506 599 678 660 censemus.
720 599 758 660 In
781 594 900 683 templo
918 595 1092 666 'Dahkensi

140 707 284 794 legimus:

212 813 258 884 Τὸ
284 813 496 906 προςκύνημα
521 815 701 884 Ἀντωνίον
728 825 946 904 γραμματέως
979 821 1091 887 matha

138 931 352 1005 Καπίτωνος·
379 932 435 994 καὶ
460 926 684 1019 προςεκύνηοα
705 925 792 996 θεὸν
813 935 968 1016 μέγιστον
986 929 1091 1020 Ἑρμῆ

137 1044 194 1106 καὶ
216 1045 347 1122 ἐποίησε
370 1035 409 1106 τὸ
431 1037 654 1131 προςκύνημα)
666 1043 731 1108 τοῖν
754 1036 863 1108 ἄλλων
884 1023 1018 1110 πάντων
1032 1046 1089 1110 καὶ

138 1156 244 1244 φίλων
272 1155 299 1217 L
330 1154 354 1218 I
358 1137 396 1218 ᾗ
424 1154 577 1238 Τιβερίου
606 1155 781 1241 Καίσαρος
810 1157 938 1222 Παοινὶ
957 1141 1007 1227 ἶ.
1044 1192 1088 1208 -—

136 1266 238 1331 Aliam
277 1266 416 1353 ejusdem
454 1267 562 1352 templi
596 1269 845 1354 inscriptionem,
885 1273 1016 1355 primurn
1054 1271 1087 1332 in
1126 1339 1128 1345 y
1189 1305 1192 1314 ·

136 1378 249 1464 Lightii
273 1382 384 1443 itinere
406 1378 562 1443 'Nuhiensi
590 1404 621 1466 p.
644 1382 710 1444 273
739 1379 938 1460 delineatam,
967 1383 1087 1467 majore

136 1513 210 1554 cura
233 1514 251 1553 a
273 1491 494 1555 Bnrchhardto
519 1503 672 1554 exaratam
695 1494 773 1571 (itin.
796 1515 828 1576 p.
852 1494 931 1572 106)
953 1493 1087 1556 Latron-

133 1605 205 1666 nius
229 1601 406 1687 explicavit:
428 1601 565 1666 Journal
589 1601 644 1666 des
668 1603 787 1666 Savans
811 1603 907 1666 1821.
930 1627 961 1688 p.
985 1605 1063 1666 399:

197 1706 420 1786 ἈπολλώνιοςΙ
443 1708 667 1777 Ἀπολλωνίου
701 1706 884 1801 στρατηγὸς
913 1709 1113 1797 ’θμβείτοω

133 1823 190 1886 καὶ
219 1823 280 1886 τοῦ
305 1824 379 1908 περὶ
405 1818 643 1912 Ἐλεφαντίνην
669 1825 725 1887 καὶ
755 1825 862 1899 Φίλας
888 1812 1001 1904 ἦλθον
1028 1823 1086 1892 καὶ

132 1926 358 2020 προςεκύνησα
379 1925 466 1997 θεὸν
487 1930 612 2020 Ἑρμῆν
632 1937 795 2018 μέγιστον.

199 2045 415 2110 Romanorum
444 2044 639 2130 temporibus
670 2049 778 2125 (certo
808 2049 870 2131 jam
893 2040 1084 2132 antiquiore

133 2159 256 2238 aetate)
285 2155 425 2221 confinio
453 2157 642 2250 Aethiopiae
672 2167 704 2220 et
725 2143 870 2242 Aegypti
886 2158 976 2223 Deos
1004 2161 1092 2224 non-⁸

132 2270 239 2335 nullos
262 2270 357 2332 fuisse
380 2272 589 2354 praepositos
611 2269 672 2332 alia
696 2280 826 2333 testatur
847 2249 1010 2356 inscriptio
1025 2293 1084 2336 no-

11 2392 19 2416 ·
134 2381 235 2446 tabilis
259 2378 400 2467 ejusdem
428 2379 537 2467 templi
563 2382 597 2443 in
620 2379 741 2466 oppido
763 2379 902 2446 Dakkeh
931 2381 1084 2462 (Letron-
1120 2436 1122 2444 ,

132 2498 188 2558 nio
210 2492 335 2572 Pselci)
357 2489 406 2572 *μ
480 2549 481 2556 ,

204 2604 275 2687 Θεῷ
296 2605 437 2687 μεγίστῳ
455 2599 558 2691 Ἑρμῇ
578 2580 770 2685 maratoth,
792 2597 964 2686 Αὶγοίιττοο
986 2623 1083 2670 covo-

133 2720 210 2806 ρίην
237 2697 294 2779 καὶ
320 2708 501 2806 Αἰθιόπων
528 2716 709 2798 μετέχοντι,
737 2707 799 2793 τὴν
823 2715 898 2806 περὶ
918 2707 979 2779 τὸν
999 2708 1086 2780 ναὸν

135 2823 313 2916 Χρύσωσιν
334 2828 486 2904 ἐποίησεν
512 2827 612 2913 ἱεροῖς
633 2820 719 2912 ἀνὴρ
741 2827 962 2912 μεμελημένος
980 2823 1083 2893 Ἀκύ-

132 2943 195 3018 λας
215 2939 460 3025 Σατουρνεῖνοζ
486 2931 669 3026 Οὐετρανὰς
696 2933 878 3022 εὐξάμενος
901 2938 1002 3026 <taso
1026 2941 1084 3006 καὶ

132 3056 257 3128 τέκνοις
277 3052 333 3115 καὶ
354 3049 486 3138 γαμετῇ.

200 3164 293 3249 Quae
320 3164 539 3248 inscriptiones
569 3182 692 3240 omnes,
721 3165 779 3225 etsi
800 3185 867 3228 non
888 3165 991 3248 magni
1012 3184 1083 3248 pre*

133 3279 168 3341 tii
188 3278 250 3340 sint
272 3273 312 3340 ad
334 3276 496 3340 historiam
514 3273 568 3337 vel
590 3275 808 3359 geographiam
828 3273 1083 3360 investigandam,

134 3400 237 3454 tamen
260 3385 385 3466 docent,
408 3387 623 3452 Romanorum
646 3397 748 3451 aetate
770 3389 990 3451 remotissimas
1010 3385 1082 3456 illas

133 3503 279 3587 regiones
300 3495 344 3564 ita
365 3510 491 3594 pacatas
513 3498 618 3577 fuisse,
640 3509 675 3563 ut
697 3501 891 3586 magistratus
914 3509 946 3563 et
960 3497 1082 3577 scribae

133 3610 297 3677 Philenses
329 3613 382 3678 vel
405 3611 624 3680 oblectationis
648 3611 700 3682 vel
723 3611 881 3702 religionis
905 3633 1014 3679 caussa
1035 3614 1083 3676 iti

167 3845 196 3917 ε)
212 3844 230 3902 t
248 3797 317 3922 ips
330 3847 390 3904 en.
435 3853 437 3860 ⁴
