3002 4544
1043 287 1107 384 38⁷

307 464 539 528 Herasicamina
561 465 628 542 vt,
1160 475 1234 534 Pras
1252 476 1283 534 u.

156 572 211 638 ubi
244 573 406 640 castellum
435 574 593 662 depictum
621 575 702 640 fines
731 580 852 663 irnperii
880 577 1016 642 Romani
1043 582 1107 643 nie·v
1242 553 1248 560 ’

155 687 334 752 ridioualea'
354 686 479 752 indicat.
530 687 626 755 Falso
656 691 689 753 in
715 692 785 775 ripa
812 688 958 754 orientali
978 691 1106 754 nomina

155 802 270 885 scripta
295 810 384 877 sunt,
412 798 470 867 sed
498 801 531 863 in
560 797 668 866 tabula
694 801 740 866 his
762 800 858 866 rebus
880 821 988 887 parurn
1011 822 1104 864 curae

155 910 326 996 adhibitum
348 911 453 990 fuisse,
467 910 605 976 aliarum
626 911 749 977 urbium
771 916 847 976 situs
871 912 974 976 donet.
1021 912 1105 976 Ten-

154 1034 224 1112 tyra
249 1027 331 1088 onim
348 1035 379 1089 et
392 1025 560 1111 Latopolis
577 1035 609 1089 et
624 1025 704 1120 aliae
718 1029 750 1090 in
766 1045 823 1090 ora
837 1023 972 1089 Arabica
990 1022 1104 1088 adscri-

153 1145 226 1222 ptae
249 1147 330 1214 sunt,
354 1158 484 1223 quarum
506 1139 599 1201 situm
622 1140 802 1225 oppositum
824 1158 891 1200 nou
913 1135 1015 1202 solum
1030 1139 1104 1200 scri-

153 1260 279 1333 ptorrun
301 1251 479 1318 testimonia
502 1248 559 1313 sed
582 1253 690 1314 etiarn
696 1259 896 1316 monumenta
918 1246 1064 1333 probant.
1140 1263 1143 1268 ·

218 1360 485 1433 Dodecasehoeni
518 1383 678 1432 mensuras
713 1365 845 1448 primum
878 1363 993 1424 rectius
1028 1380 1102 1423 eon-

152 1474 251 1536 stituit
272 1473 519 1538 Harniltonius
511 1496 544 1537 ιιι
565 1453 820 1558 Aegyptiacisp.
843 1472 895 1536 38.
919 1445 995 1535 4132
1018 1471 1102 1546 414„

151 1593 265 1670 postea
301 1583 438 1647 Leakius
483 1583 523 1647 de
566 1584 674 1647 harum
715 1585 877 1668 regionum
915 1583 1102 1667 geographia
1130 1568 1149 1596 ⁴*

153 1697 419 1780 optime·meritus
444 1706 505 1772 est,
534 1695 623 1781 quod
644 1698 677 1758 in
698 1694 766 1758 Nili
787 1693 895 1768 tabula
917 1691 1102 1784 stationibus
1127 1679 1132 1688 ⁵

152 1783 303 1872 Ronianis
332 1806 405 1871 loca
427 1809 608 1892 assignavit.
664 1807 775 1890 Usque
805 1806 844 1868 ad
872 1807 1103 1888 Hierosycami-

151 1939 219 1982 non
242 1919 363 2003 egregie
385 1919 514 1981 nomina
536 1921 720 2004 apposuisse
742 1915 836 1980 nobis
858 1915 997 1994 videtur,
1020 1915 1102 1979 ultra

152 2041 255 2094 autem
284 2029 376 2094 Plinii
405 2049 529 2092 errores
558 2039 683 2096 secutus
712 2023 834 2102 urbiiun
859 2026 1025 2091 intervalla
1056 2030 1102 2090 ni-

150 2144 207 2208 mis
236 2138 375 2208 extendit
404 2150 436 2206 et
468 2139 637 2225 Napatam,
667 2138 824 2214 Candacis
854 2142 984 2224 regiam,
1018 2141 1101 2206 inter

152 2251 304 2316 decimum
337 2255 457 2316 non'um
479 2242 525 2315 ¹et
553 2254 734 2337 vigesimum
762 2249 933 2316 latitudinis
960 2247 1100 2314 borealis

152 2364 279 2450 gradum
302 2365 422 2449 posuit,
452 2384 618 2448 quousque
640 2364 822 2426 Petronium
848 2365 1040 2448 processisse
1064 2384 1100 2426 ex

153 2487 314 2540 auctorum
336 2472 567 2538 narrationibus
591 2486 622 2539 et
644 2485 794 2538 terrarum
817 2477 959 2538 vastitate
981 2477 1101 2562 perspi-

152 2591 239 2652 citur.
278 2584 446 2650 Eduardus
463 2584 613 2651 Caillaud
627 2584 662 2667 *)
685 2585 751 2650 Nili
776 2607 898 2668 cursum
921 2607 1016 2671 supra
1029 2563 1101 2649 Phi

151 2699 198 2764 las
223 2697 387 2784 diligenter
410 2696 574 2783 descripsit
597 2709 629 2768 et
650 2697 803 2762 Leakium·
824 2709 950 2764 secutus
972 2699 1101 2761 nomina

152 2814 280 2897 antiqua
302 2832 402 2896 usque
426 2808 466 2874 ad
488 2811 773 2894 Hierosycaminon
795 2807 923 2894 adjecit,
946 2789 1102 2895 Napatarn

152 2935 269 3002 autem,
297 2924 408 3009 majori
438 2924 528 2986 etiam
558 2924 659 3007 spatio
690 2916 886 3009 disjunctam,
915 2918 997 2986 inter
1018 2920 1102 2986 deci

151 3057 235 3100 mum
258 3045 402 3100 octavum
427 3044 466 3105 et,
481 3033 633 3128 decimum
655 3055 774 3099 nonum
796 3033 966 3100 latitudinis
988 3031 1102 3104 borea-
1126 3077 1131 3090 ·

152 3149 191 3214 lis
214 3147 343 3234 gradum
366 3121 610 3212 collocavit-
1048 3215 1049 3222 ἵ

219 3260 362 3346 Sequens
392 3259 534 3324 locorum
559 3241 735 3323 distributio
758 3255 929 3322 secundum
951 3258 1103 3321 Antonini
1124 3271 1302 3328 onerarium

152 3374 344 3438 itinerarium
365 3370 421 3452 θ)
449 3369 533 3435 bene
556 3392 625 3433 curn
651 3379 923 3434 monumentorum
944 3368 1006 3444 situ
1029 3391 1103 3433 con·
1144 3340 1284 3396 mmm

152 3487 248 3571 gruit:
384 3553 399 3584 ο
443 3497 452 3516 “

151 3641 355 3656 -υι--ι-

188 3746 216 3816 *)
234 3745 342 3822 voyage
360 3747 392 3800 iu
411 3743 494 3800 ileuve
512 3743 595 3800 blane.
614 3741 645 3798 ss.
664 3741 698 3820 pt.
719 3739 804 3796 XLIV
823 3759 879 3817 sqq.

188 3832 231 3900 ff)
250 3832 291 3890 ed
308 3829 468 3906 Wesseling.
486 3839 543 3906 pag.
563 3831 623 3886 lot.
