3002 4544
1037 383 1093 436 vn

136 538 301 614 maximi
334 537 448 639 pretii
481 561 564 613 esse
598 559 729 635 neque
761 534 846 611 ullo
878 533 1006 610 modo
1039 513 1092 611 fa*-

137 660 214 736 cile
228 659 405 761 superari
421 683 547 760 posse,
565 682 706 736 omnes
720 657 866 733 harum
881 681 1017 733 rerum
1027 683 1094 758 pe-

137 781 204 857 riti
232 781 492 858 consentient.
537 780 732 856 Tabulam
749 782 776 855 1.
803 779 1000 880 opusculo
1022 804 1094 854 no-

139 918 223 980 stro
251 901 452 1001 adjectam,
480 903 624 978 Gallica
651 902 783 978 tabula
805 927 887 976 non
909 901 1094 987 adhibita,

140 1049 217 1100 nos
251 1025 553 1112 delineavimus,
592 1049 765 1126 quacum
798 1025 968 1122 omnino
1000 1049 1094 1100 con-

139 1147 263 1243 gruit3
279 1163 449 1247 utraque
464 1147 616 1223 insulae
633 1146 808 1223 sormam
825 1147 987 1247 praebet
1004 1165 1094 1220 ean·
1155 1149 1161 1164 '

141 1256 272 1356 dem(
290 1288 423 1369 neque
454 1269 605 1344 nisiin
636 1269 816 1345 minutiis
849 1266 1094 1368 quibusdam

143 1387 413 1468 differentiam
438 1385 678 1478 invenimus,
708 1391 799 1466 loco
827 1415 902 1466 suo
930 1388 1095 1466 anobis

142 1519 330 1580 notatam.
379 1503 560 1581 Medium
590 1511 769 1579 fluminis
796 1525 957 1580 auctum
984 1509 1094 1578 adhi-

143 1626 323 1714 buimus,
359 1625 486 1726 qualis
518 1649 601 1702 esse
634 1626 735 1701 solet
759 1627 897 1738 mensi⁸
914 1629 1093 1723 Augusto
1187 1673 1203 1700 .

144 1747 205 1822 vel
229 1749 430 1823 Januario.
474 1751 557 1844 Pro
579 1761 736 1824 nostrae
761 1747 919 1823 tabulae
943 1748 1095 1846 magni-

145 1867 286 1944 tudine
313 1867 584 1940 dimensiones
610 1881 764 1941 nostras
790 1869 881 1942 satis
899 1882 1095 1942 accuratas

146 2010 229 2062 esse
253 1977 535 2087 perspeximus.
851 1971 854 1978 ’

158 2180 162 2186 .
218 2111 325 2201 Quas
350 2106 391 2179 in
417 2103 550 2180 tabula
576 2107 622 2180 ll.
648 2103 798 2181 formas
825 2107 1095 2206 expressimus,

145 2254 190 2305 ex
221 2213 369 2326 magno
403 2227 729 2328 apographorum
762 2243 993 2303 nostrorum
1021 2254 1094 2305 nu-

144 2375 257 2426 mero
283 2349 460 2434 selectas,
488 2347 536 2424 ad
565 2349 871 2454 descriptionem
899 2350 1095 2426 illustran-

146 2469 240 2546 dam
264 2470 505 2546 necessariae
531 2482 633 2543 sunt.

216 2594 275 2668 De
300 2593 420 2668 rebus
440 2590 752 2668 architectonici's
771 2615 814 2666 ea
831 2606 986 2667 tantum
1006 2618 1094 2668 mo-

144 2715 325 2801 nuimus‚
357 2736 460 2814 quae
485 2713 673 2788 accuratis
698 2713 897 2788 mensuris
931 2713 1093 2789 definita

144 2833 194 2910 ad
224 2834 450 2932 generalem
482 2833 572 2908 artis
605 2835 861 2935 Aegyptiacae
896 2836 1090 2934 cognitio-

142 2980 247 3042 nem
270 2953 591 3033 constituendam
622 2956 767 3041 valent;
806 2954 891 3030 aliis
922 2959 1093 3058 peregri·

142 3078 331 3153 nantibus
354 3076 657 3152 incitamentum
690 3075 778 3178 fore
804 3102 1009 3178 speramus
1041 3079 1092 3154 ad

141 3223 349 3276 mensuras
367 3197 553 3274 certiores
572 3197 777 3287 eruendas,
795 3214 850 3287 ut,
867 3198 1090 3274 multorum

141 3321 387 3424 templorum
427 3320 725 3420 comparatione
761 3320 894 3396 habita
928 3318 1092 3418 diligen-

45 3493 51 3500 ·
141 3444 252 3531 tiore,
279 3441 330 3517 de
357 3440 603 3537 singularum
628 3443 802 3541 partium
827 3442 981 3518 ratione
999 3469 1092 3543 pro-

104 3641 111 3658 ‚
141 3564 332 3641 nunciare
365 3563 492 3652 liceat,
531 3587 629 3663 quas
659 3587 885 3653 mensuras,
918 3591 939 3639 a
973 3564 1092 3640 nobis

141 3687 350 3784 neglectas,
391 3686 433 3768 in
473 3683 734 3784 expeditionis
768 3684 939 3764 Gallicae
970 3707 1091 3786 opere

141 3805 283 3884 flustra
310 3805 586 3908 quaesivimus.
