3002 4544
490 241 514 284 g,

391 322 463 396 loo

450 491 522 564 'Sed
550 499 629 578 haec
654 493 813 591 sufficiant
837 495 890 561 'ad
920 494 1175 562 determinandos
1203 495 1337 582 Aegypti

390 609 487 689 fines,
516 610 626 696 quales
655 611 749 674 variis
771 606 966 697 temporibus
987 608 1122 674 suerrmt
1173 607 1245 672 Jam
1272 606 1339 672 lon-

233 809 236 816 Δ
394 727 498 811 giores
519 725 553 788 in
574 724 633 787 hac
655 719 872 808 disquisitione
894 721 990 786 fuisse
1011 719 1168 799 videmur,
1196 720 1254 786 sed
1276 719 1339 785 dili-
1412 761 1413 766 1
1475 743 1476 772 r

288 845 292 848 ’
392 836 526 923 gentiam
554 833 727 920 postulavit
753 837 893 898 materiei
929 833 1065 898 ubertas
1123 835 1235 920 Tanta,
1261 835 1341 912 eri·
1419 903 1421 910 ,

392 958 440 1014 est
453 949 592 1034 Aegypti
607 944 773 1011 celebritas
790 944 874 1032 apud
888 956 1021 1024 veteres,
1043 957 1078 1011 ut
1091 947 1143 1010 vix
1157 945 1256 1010 ullum
1270 947 1340 1010 scri-

390 1070 514 1146 ptorem
535 1060 688 1145 reperias,
717 1061 864 1145 quinon
886 1059 1115 1152 Aegyptiorum
1134 1079 1256 1139 mores,
1283 1069 1341 1122 ter·
1429 1135 1433 1146 ¹
1473 1105 1476 1140 ÷

391 1192 445 1236 rae
472 1168 614 1235 indolem
637 1181 694 1264 ete
718 1174 827 1258 paucis
848 1170 954 1236 verbis
978 1175 1119 1258 tetigerit
1171 1171 1220 1235 Ex
1242 1168 1341 1233 diver·
1374 1176 1379 1186 ’

390 1285 448 1360 sis,
477 1304 559 1369 quae
587 1284 650 1348 huc
677 1305 778 1370 usque
808 1283 979 1362 attulimus,
1011 1286 1195 1348 testimoniis
1224 1291 1340 1347 tantum

393 1393 542 1474 efficitur,
577 1393 774 1461 Graecorum
781 1464 790 1484 ff
807 1399 1035 1473 narrationes„
1051 1394 1191 1460 Diodori
1217 1393 1342 1471 scilicet,

305 1519 309 1528 '
393 1505 566 1586 Strabonis,
589 1507 741 1586 Aristidis,
762 1506 848 1573 bene
869 1511 953 1572 inter
973 1529 1008 1572 se
1024 1511 1207 1584 convenire;
1231 1505 1343 1570 discre-

393 1641 470 1706 pare
505 1630 607 1684 autem
644 1631 675 1685 et
709 1641 814 1686 errare
842 1623 1004 1720 maximam
1056 1631 1153 1684 artem
1181 1621 1342 1712 Romanos
1467 1701 1476 1715 μ

394 1735 578 1819 scriptores,
601 1721 753 1797 S'enecam
778 1743 809 1798 ct
831 1733 974 1797 Plinium.
1026 1644 1166 1804 drabum
1188 1731 1344 1817 scriptori·
1457 1713 1476 1773 ³³

393 1841 453 1910 bus
475 1848 508 1910 in
530 1848 567 1910 iis
589 1855 709 1916 ,tantum
730 1843 813 1909 fides
835 1833 983 1912 habenda
1006 1856 1061 1924 est,
1084 1867 1165 1932 quae
1182 1846 1243 1931 ipsi
1256 1862 1346 1928 prae·

393 1969 498 2023 sentes
531 1957 686 2022 riderrmt.
743 1956 974 2023 Iba-Baiuras
992 1961 1153 2036 viatorem
1181 1955 1346 2020 solerfissi-
1467 1930 1476 1952 ’“

392 2089 477 2131 mum
513 2065 583 2129 illas
615 2067 761 2149 regiones
794 2086 861 2129 non
896 2065 1024 2141 adiisse,
1057 2085 1255 2149 summopere
1289 2062 1347 2127 do-

394 2176 503 2241 lemus.
569 2183 585 2242 s
1260 2256 1261 2259 Ἴ

201 2290 242 2377 Pe
256 2293 366 2375 popula
426 2304 427 2307 ’
460 2287 513 2352 De
542 2285 684 2372 populis,
714 2288 768 2371 qui
789 2287 928 2374 Aegypti
957 2285 1095 2352 confinia
1118 2286 1248 2352 diversis
1270 2297 1348 2373 tem-

181 2363 384 2500 ,infimae
395 2396 526 2490 poribus
548 2408 726 2478 tenuerunt,
753 2420 795 2464 ne
817 2421 950 2464 summas
973 2399 1100 2485 quidem
1121 2422 1172 2464 res
1196 2403 1348 2487 attingere
1463 2422 1466 2433 ’

218 2503 349 2574 confiniis.
394 2519 577 2601 possumus;
613 2533 693 2597 quae
729 2510 770 2575 de
797 2511 939 2576 moribus
969 2522 1001 2577 et
1028 2513 1137 2578 indole
1168 2533 1277 2577 corum
1293 2510 1349 2586 -ad
1470 2510 1473 2539 ²

394 2646 454 2690 nos
477 2633 704 2711 pervenerunt,
734 2645 842 2711 sparsa
871 2635 902 2690 et
932 2624 1081 2710 dissipata
1110 2636 1197 2702 sunt;
1227 2624 1268 2688 de
1289 2623 1350 2687 lin-
1462 2652 1474 2677 .-

395 2759 453 2824 gua
476 2736 572 2822 plane
594 2735 672 2801 nihil
695 2747 826 2802 constat.
877 2737 1101 2824 Antiquissima
1123 2747 1224 2802 aetate
1255 2757 1349 2800 eun·
1475 2715 1476 2784 l

396 2847 480 2914 dem
497 2848 668 2935 populum
705 2886 745 2898 —
779 2845 917 2914 dicamus
944 2850 1173 2937 Aegyptiacum
1208 2885 1251 2897 —
1281 2847 1351 2912 Nili
1462 2815 1476 2899 ,l

395 2963 480 3047 ripas
508 2959 582 3026 inde
611 2984 629 3025 a
650 2961 766 3025 Meroe
787 2961 890 3026 insula
912 2985 1014 3048 usque
1037 2961 1078 3027 ad
1101 2963 1281 3047 Aegyptum
1302 2962 1352 3024 in-

397 3073 545 3140 feriorem
573 3094 761 3158 occupasse,
797 3096 816 3138 e
842 3085 1117 3141 monumentorum
1147 3075 1354 3159 congruentia

299 3199 305 3210 '
398 3197 550 3280 apparet,¹
565 3189 744 3280 posteriore
766 3197 918 3272 tempore,
941 3185 1055 3250 tabulis
1072 3197 1102 3250 et
1113 3183 1278 3250 annalibus
1291 3206 1354 3250 no-

397 3302 467 3363 stris
496 3297 592 3385 longe
614 3275 792 3386 superiore,
823 3298 884 3364 alia
906 3300 1013 3384 stirps,
1042 3297 1243 3384 Aethiopica,
1271 3301 1355 3362 inte-

397 3411 483 3474 riora
513 3421 615 3477 terrae
644 3435 745 3499 usque
772 3411 813 3476 ad
836 3411 1026 3475 'cataractam
1049 3410 1246 3494 Syenensem
1269 3409 1355 3476 obti-

398 3525 475 3588 nuit.
532 3523 581 3587 Ex
616 3534 809 3623 quasaetate
839 3533 923 3588 certa
952 3543 1055 3586 rerum
1082 3525 1194 3587 notitia
1223 3521 1264 3598 ad
1288 3543 1355 3588 nos

250 3714 254 3725 .
363 3623 365 3628 ¹
399 3637 551 3721 pervenit,
566 3624 804 3727 'Aegyptiorum
827 3646 859 3700 et
879 3635 1070 3720 Aethiopum
1093 3637 1265 3721 segregatio
1287 3636 1358 3720 jam

400 3745 483 3810 facta
516 3758 572 3813 est.
623 3737 808 3817 Herodotus
843 3748 1003 3832 ceterique
1036 3749 1213 3832 scriptores
1234 3745 1358 3812 Graeci

400 3855 539 3942 populos
578 3842 669 3921 acute
708 3856 899 3940 discemunt,
964 3859 1080 3926 Postea
1116 3857 1280 3924 Nubarum
1320 3869 1359 3924 et
