3002 4544
244 526 319 585 Pars
337 524 356 582 b

412 333 460 428 rs

413 509 585 576 tectoniees
613 527 730 593 genere
757 502 938 590 magnificus
964 503 1073 591 templi
1093 508 1240 574 introitus
1259 511 1363 595 parari

412 625 529 710 potuit,
558 623 612 706 qui
638 622 737 705 primo
761 628 934 702 conspectu
962 621 1277 705 appropinquantium
1300 624 1365 688 ant-

412 759 481 800 mos
504 732 706 798 admiratione
729 741 760 796 et
782 733 958 796 reverentia
981 724 1148 817 impleret.‘

208 839 323 925 nme
339 872 394 924 te-
478 846 613 910 Formae
647 842 903 929 hieroglyphicae
936 842 1092 928 pylonum
1120 841 1292 931 parietibus
1318 847 1365 908 in-

211 944 391 1014 ''⁰3¹91'Mffl‘·
412 958 554 1046 sculptae
576 954 685 1041 paullo
710 954 860 1020 dittcmnt
883 955 922 1020 ab
944 958 994 1034 iisf
1013 960 1144 1042 quaein
1165 958 1283 1043 templo
1305 958 1365 1021 La-

220 2208 323 2262 cavum
341 2209 378 2261 ad

257 2278 341 2330 malos

228 2350 377 2420 erigendos.

413 1071 532 1157 tepolis
554 1089 684 1153 magnae
708 1079 887 1135 cernuntur.
931 1068 968 1132 In
990 1079 1079 1155 parte
1101 1073 1265 1156 superiore
1286 1068 1366 1155 figu-

412 1205 466 1248 rae
481 1183 625 1246 Deorum
648 1191 779 1260 exstant,
799 1183 832 1245 in
854 1180 940 1244 sellis
962 1180 1118 1262 sedentes,
1142 1181 1256 1268 quibus
1279 1203 1366 1246 asa-

413 1291 593 1360 eerdotibns
628 1291 780 1356 sacrificia
814 1292 1005 1372 offerimur,
1037 1295 1070 1356 in
1098 1305 1187 1379 parte
1208 1293 1365 1362 inferiore

410 1407 541 1471 maxime
565 1407 680 1470 eminet
702 1405 797 1468 heros
820 1403 932 1490 aliquis
953 1404 1007 1470 vel
1029 1427 1098 1484 rex,
1127 1405 1237 1471 dextra
1258 1427 1365 1472 ensem

413 1531 537 1597 tenens,
566 1520 689 1585 sinistra
710 1517 846 1582 hostium
869 1528 1038 1604 catervam,
1068 1517 1204 1584 cruribus
1232 1519 1366 1604 prehen-

412 1652 491 1708 sam,
511 1628 681 1715 abripiens.
727 1628 847 1695 Eadem
870 1628 1040 1713 figurarum
1061 1632 1157 1706 ratio,
1178 1651 1242 1713 qua
1264 1631 1366 1693 victor

412 1741 531 1809 formae
546 1743 673 1827 majoris
697 1749 752 1820 est,
774 1742 849 1804 vieti
870 1739 966 1825 louge
988 1741 1126 1815 minoris,
1148 1741 1181 1803 in
1204 1738 1366 1823 aliis-que
1488 1739 1489 1744 ’

412 1877 475 1942 que
507 1856 716 1920 monumentis
751 1853 930 1938 saepissime
945 1850 1219 1937 “deprehenditur.
1274 1849 1365 1916 Isidis

411 1965 520 2052 figura,
541 1966 685 2032 manibus
708 1964 748 2026 ad
769 1963 1024 2028 benedicendum
1047 1975 1079 2025 et
1099 1962 1366 2042 maudunensis,

411 2088 485 2164 post
516 2079 668 2146 victorem
705 2071 876 2148 collocata,
895 2070 1086 2155 ¹siguificare
1120 2070 1259 2150 videtur,
1294 2095 1367 2138 eum

410 2184 575 2252 mortalem
610 2207 693 2264 esse,
726 2184 891 2280 Deamque
921 2179 1035 2244 auxilio
1064 2194 1271 2272 praesentem.
1328 2186 1366 2250 ln

411 2312 547 2388 utroque
570 2309 682 2384 portae
704 2296 804 2361 latere
827 2317 937 2360 cavum
960 2291 1000 2357 ad
1021 2296 1164 2376 amussim
1179 2295 1293 2360 factum
1310 2308 1365 2376 est,
1487 2305 1488 2328 ¹

413 2411 453 2476 ab
475 2415 538 2476 imo
562 2413 655 2474 unius
676 2410 767 2496 pedis
790 2405 963 2483 latitudine,
986 2415 1051 2469 tum
1073 2410 1190 2472 sensim
1202 2408 1365 2494 paulatim-

412 2545 475 2610 que
505 2523 671 2602 decrescit,
698 2525 741 2587 ita
769 2523 862 2586 utin
883 2539 1000 2582 summa
1022 2521 1143 2603 pariete
1165 2540 1232 2586 non
1256 2530 1364 2588 exstet.

413 2637 496 2703 Cum
524 2635 608 2702 haud
637 2636 821 2720 frequenter
841 2635 875 2696 in
896 2633 1104 2696 monumentis
1128 2643 1273 2701 occmrat
1293 2632 1363 2699 talis

413 2745 590 2827 excavatio,'
606 2746 736 2813 difficile
760 2755 807 2810 est
829 2742 869 2808 ad
890 2742 1097 2822 indicandum,
1118 2767 1184 2832 qua
1199 2745 1364 2810 decaussa

413 2861 524 2926 eodem
547 2881 671 2945 semper
692 2857 782 2935 loeo,
803 2859 888 2942 juxta
909 2865 1052 2942 portam,
1069 2855 1151 2922 faeta
1172 2860 1222 2921 sit·
1264 2857 1364 2923 Note-

410 2995 479 3039 rum
505 2993 662 3036 sacrarum
689 2969 855 3055 dispositio
889 2967 1017 3055 probat,
1049 2986 1113 3044 una
1142 2987 1212 3032 cum
1239 2967 1363 3054 pylone
1452 2989 1453 2994 ¹

410 3087 481 3171 ipso
520 3105 587 3147 eam
625 3080 807 3146 fabricatam
845 3103 923 3146 esse.
982 3079 1232 3166 Explicetionem
1268 3078 1362 3152 nobis
1485 3119 1486 3171 3

410 3192 545 3283 praebet
573 3193 681 3270 tabula
709 3191 827 3258 Thebis
857 3214 968 3279 opere.
985 3192 1106 3257 caelato
1142 3214 1287 3278 expressa
1315 3179 1373 3274 *),'

412 3328 474 3391 qua
497 3310 581 3380 cavis
603 3306 666 3372 illis
693 3305 767 3372 mali
793 3307 920 3370 immissi
947 3314 1034 3384 sunt,
1061 3303 1183 3369 vexillis
1211 3304 1363 3393 superad-

410 3415 520 3504 ligatis

205 3540 397 3609 [emptiones
475 3529 512 3593 ln
539 3529 668 3616 pylonis
697 3529 747 3596 ala
770 3529 865 3613 (C1)
888 3526 928 3594 ad
951 3527 1089 3594 dextram
1111 3540 1231 3615 partem
1252 3531 1361 3618 thyro-

230 3629 355 3684 graecae.

407 3644 504 3721 matis,
526 3645 608 3708 inter
628 3644 741 3709 multas
760 3643 835 3708 alias
849 3644 1069 3728 inscriptiones
1084 3663 1215 3726 graecae
1230 3665 1359 3729 quoque

440 3885 576 3958 ')Deser.
597 3883 630 3942 de
648 3883 713 3959 ΓΕΒ.
731 3885 841 3960 Antiqu:
856 3883 894 3940 Pt
911 3865 958 3953 v111,
976 3885 1019 3941 57.
