3002 4544
994 247 1101 370 ‘''a

96 453 99 460 ¹
145 487 206 538 'rara
233 473 391 539 latericius
417 475 487 538 viae
514 469 661 538 indicium
690 483 752 550 est,
779 475 931 559 propiora
948 451 1101 558 §nonnum
1156 487 1231 546 Pras
1247 487 1266 544 1,

155 587 328 664 cacumina,
349 587 382 649 in
404 582 517 671 quibus
539 584 627 648 nulla
650 587 786 648 cernitur
805 587 952 664 varietas,
973 587 1116 652 viatoris.

156 696 268 762 oculos
290 696 451 763 sterilitate
473 719 531 762 sua
552 697 693 782 fatigant;
723 718 760 760 ex
781 696 1102 782 improvisotandem

154 807 210 873 ubi
236 809 288 872 via
311 809 352 872 ad
374 809 512 874 dextram
534 809 614 874 flexa
638 818 698 886 est,
727 829 748 872 o
762 789 941 894 'spectaculi
961 807 1101 895 magnili-

155 924 295 1000 cantiam,
316 920 473 986 Philarum
496 918 633 1008 pylones
655 922 796 1005 ingentes
819 931 850 984 et
864 918 1034 1006 peristylia,
1055 923 1101 984 in-

154 1035 301 1118 termistis
329 1031 439 1118 palmis
469 1041 500 1096 et
523 1035 632 1098 cassiis,
648 1030 813 1110 viridibus,
844 1011 1102 1131 aplacidokcir-
1137 1092 1144 1105 ,

153 1145 294 1214 cumfusa
307 1144 393 1223 Nilo,
416 1154 488 1210 ante
511 1144 623 1210 ocidos
645 1148 850 1231 positasurrt
871 1162 1008 1232 gemmae
1031 1165 1101 1230 pre·
1150 1185 1153 1194 ,

154 1259 254 1323 tiosae
281 1256 406 1336 similia,
434 1277 526 1342 quam
555 1257 665 1321 artifex
694 1231 948 1432 elegathucido
971 1249 1113 1360 ehggnto.

153 1368 365 1434 circumdedit.
410 1367 671 1476 Quotiescunqye
692 1371 773 1432 viam
794 1370 827 1432 in
851 1379 910 1462 Aa
931 1367 1037 1452 Syene
1061 1365 1102 1430 ad

106 1511 116 1535 ε
153 1481 259 1546 Philas
276 1479 525 1566 perficiebamus,
546 1479 668 1542 insulae
684 1479 850 1564 adspectus
865 1477 1013 1562 singulari
1028 1498 1103 1562 qua·

154 1592 225 1658 dam
251 1591 368 1656 laetitia
398 1601 429 1656 et
454 1578 666 1680 admiratione
697 1611 758 1654 nos
792 1586 963 1666 afficiebat,
997 1609 1102 1672 quam-

153 1727 246 1792 quam
261 1703 417 1769 affirmare
431 1700 576 1781 nolimus,
590 1711 700 1772 ‚utnmr
714 1703 812 1787 ipsius
827 1698 948 1764 insulae
965 1700 1102 1764 amoeni-

152 1820 208 1882 tati
236 1839 276 1880 an
300 1811 461 1878 montibus
482 1811 771 1897 circumjacentibus
792 1814 831 1874 sit
852 1808 1101 1873 adscribendum.

152 1924 299 2002 Accedit,
322 1921 410 2008 quod
430 1913 554 1985 months
576 1921 683 1998 vicim,
706 1917 812 2002 lapide
834 1920 992 2004 granitico,
1016 1917 1104 1982 colo-
1187 1948 1191 1958 ·

150 2039 195 2108 ris
223 2038 281 2101 atti
303 2045 335 2098 et
361 2032 538 2118 nigricantis
569 2039 657 2108 sunt,
689 2024 771 2092 'fulvi
800 2040 903 2092 autem
923 2027 1103 2097 ¹nitidissimi

151 2148 273 2217 insulae
289 2154 500 2221 monumenta,
520 2152 631 2228 utpote
652 2138 758 2230 lapide
779 2138 914 2204 calcario
933 2151 1102 2217 exstructa;

154 2253 338 2349 quibuscum
366 2258 393 2321 si
413 2254 481 2320 Nili
509 2251 686 2319 caendeuin
709 2274 844 2338 aequor,
873 2251 1019 2338 coelique
1033 2255 1102 2322 'im-

152 2371 332 2439 mutabilem
355 2367 524 2434 claritatem
548 2366 760 2452 conjmrxeriS,
790 2363 947 2433 Philamm
970 2385 1102 2452 conspe-

153 2498 237 2552 ctum
260 2482 389 2567 reliquis
410 2464 778 2566 Aegyptiacis'omnibm
802 2486 995 2564 anteponere
1017 2476 1101 2542 haud

153 2595 320 2664 dubitabis.

218 2710 412 2795 Scriptorum
434 2705 632 2782 testimoniis,
660 2699 774 2789 quibus
801 2709 935 2782 constat,
964 2704 1101 2791 Aegypti
1111 2713 1221 2779 Philae,
1246 2715 1310 2768 olim

35 2858 42 2867 ·
73 2905 75 2910 Ι
154 2821 280 2910 (paridem
307 2817 388 2884 fines
416 2815 604 2881 meridianos
632 2818 666 2879 iu
692 2813 903 2899 Elephantine
933 2825 964 2880 at
992 2817 1102 2902 Syene
1117 2785 1302 2910 ‘mmm

152 2937 275 3023 positos
303 2951 389 3008 esse,
416 2928 513 2994 nihilo
543 2937 647 3006 autem
673 2928 775 2990 minua
801 2926 933 2990 insulam
954 2939 1101 3008 nostram,

153 3048 334 3134 propinquo
348 3040 482 3108 Osiridis
496 3038 642 3125 sepulcro
655 3037 898 3118 memorabilem,
910 3043 992 3104 inter
1002 3043 1100 3128 ipsius

155 3159 294 3244 Aegypti
327 3156 461 3221 sacraria
494 3171 631 3217 summae
664 3149 766 3214 laudis
799 3149 908 3229 fuisse,
942 3173 1014 3214 cum
1042 3148 1100 3215 illo
1239 3193 1257 3233 „

40 3321 52 3332 ,
101 3249 105 3259 “
152 3267 311 3354 Philarum
344 3270 406 3332 situ
435 3289 453 3332 a
480 3267 578 3353 prima
612 3271 764 3327 cataracta
791 3261 950 3327 meridiam
977 3283 1101 3342 versus,

153 3389 297 3446 accurate
319 3375 455 3454 collatis,
483 3379 545 3463 jam
568 3377 705 3440 exoritur
727 3377 885 3459 quaestio,
908 3394 964 3437 cur
984 3374 1101 3460 templa

151 3471 189 3558 in'
212 3491 287 3557 loco
310 3500 372 3554 tam
399 3485 599 3554 inconmodo
622 3487 786 3573 posuerint
807 3483 1001 3564 sacerdotes,
1031 3487 1101 3550 cum'

151 3604 254 3670 insula
280 3602 355 3667 inde
385 3599 425 3666 ab
447 3602 596 3685 Aegypto
625 3619 691 3664 non
720 3597 857 3682 scaphis,
884 3598 942 3664 sed
962 3601 1012 3662 via
1035 3608 1101 3662 tan-

152 3728 217 3781 turn
237 3713 377 3801 pedestri
400 3733 500 3797 caque
522 3711 739 3776 molestissima
760 3708 838 3775 adiri
858 3712 973 3797 possit;
994 3697 1100 3795 ner'pue

154 3850 227 3896 are
250 3827 385 3894 alienum
414 3835 473 3920 est!
488 3845 618 3891 monere
647 3846 715 3890 eam
742 3817 840 3908 longo
868 3818 1036 3891 intervallo
1054 3817 1100 3885 ab
