3002 4544
1092 335 1141 408 53

245 504 1087 568 rainariusrnrrnruonronunainocunnnooc
1193 525 1268 584 pm
1286 527 1305 584 1.

292 579 1062 670 cauCoruncaniinnnnrnornnscrannnox⁹

257 696 332 754 ”lado
349 699 502 771 καρποτόνῳ
522 705 622 778 Κέλσος
639 701 700 758 τόδε
718 701 813 779 γράμμ’
834 699 953 773 ἀνέθηκα

296 791 436 859 Μνηοθεὶς
452 784 483 859 ἧς
500 784 600 858 ἇλόχου
618 794 662 843 καὶ
678 799 771 845 τεκέων
790 795 890 862 φιλίων,
908 803 916 824 ⁰

260 876 316 928 Καὶ
334 873 433 948 πάτρης
449 879 569 948 γλυκέρης
585 879 775 950 Πτολεμαίδος,
793 874 824 948 ἣν
843 883 960 947 ἐποίησεν

295 962 398 1034 Σωτὴρ,
413 958 535 1030 Ἑλλήνων
552 966 691 1036 Ννλογενὲς
709 971 825 1036 τέμενος.

191 1101 228 1163 In
250 1099 381 1166 disticho
404 1105 510 1188 priore
532 1105 575 1168 1⁷
593 1117 640 1170 est
661 1126 720 1192 pro
734 1090 796 1184 Π,
819 1095 856 1176 ω
878 1128 937 1192 pro
960 1099 1011 1183 Ω,
1031 1111 1053 1176 Ε
1077 1127 1136 1190 pro

183 1212 235 1289 -E,
265 1219 296 1290 Α
322 1236 381 1300 pro
403 1215 453 1294 A,
476 1218 509 1280 in
530 1239 595 1281 uno
619 1213 773 1296 ἀνέθηκα
794 1222 879 1304 prius
903 1218 994 1304 alpha
1018 1227 1065 1281 est
1086 1217 1123 1280 A
1129 1245 1137 1293 ;

190 1325 223 1386 in
250 1323 382 1390 disticho
410 1331 587 1412 posteriore
611 1333 706 1416 [pro
729 1328 770 1394 Σ
788 1334 821 1394 in
842 1325 968 1417 πάτρης
992 1341 1023 1394 et
1044 1331 1136 1412 τέμε-

176 1456 261 1511 “νος;
289 1438 364 1501 ’ΛΛ
394 1439 653 1523 conglutinatum,
681 1442 718 1504 A
738 1442 832 1506 solim
858 1442 967 1505 tonna.
1019 1441 1137 1518 Secrur

192 1545 265 1609 dum
300 1547 453 1611 distichon
483 1548 593 1635 paullo
621 1550 795 1614 minoribus
823 1551 920 1616 literis
950 1571 1136 1636 expressum,

182 1662 290 1723 ‘serius
319 1659 359 1724 ab
386 1663 456 1746 ipso
481 1660 581 1728 Celso
611 1667 787 1749 appositum
808 1662 940 1727 videtur.
991 1663 1068 1726 Non
1091 1661 1138 1725 of-

190 1769 324 1836 fendunt
345 1775 377 1835 in
399 1775 603 1858 inscriptione
625 1774 759 1839 formae:
787 1776 960 1852 ὲποίησσεν
983 1784 1014 1836 et
1035 1773 1138 1836 Ννλο-

190 1874 286 1962 γονῆς
300 1879 349 1961 *);
382 1885 471 1946 etiam
493 1877 631 1967 γράμμὀν
653 1904 827 1970 perunum
850 1885 895 1946 M
911 1889 1057 1969 scriptum
1081 1894 1136 1946 est.

145 1975 150 1978 ’
191 1992 314 2076 Quarto
337 2013 431 2056 versu
453 2015 573 2056 comma
595 2006 670 2080 post
690 1987 816 2080 Σωτήρ
839 1971 998 2079 ponimus,
1023 2017 1065 2059 ne
1091 1994 1138 2058 ul-

189 2105 262 2167 tima
283 2101 381 2167 verba
402 2101 549 2188 languida
570 2101 657 2167 fiant.

140 2255 143 2263 ·
253 2216 343 2280 Haec
363 2217 527 2301 inscriptio
548 2213 589 2280 de
611 2226 755 2302 tempore
769 2216 972 2282 ptolemaidis
988 2216 1135 2284 conditae

189 2330 338 2391 certiores
353 2348 413 2392 nos
428 2326 509 2391 facit.
547 2329 669 2392 Multae
685 2340 757 2394 sunt
776 2329 871 2394 urbes
887 2332 1014 2394 nomine
1029 2329 1136 2394 Ptole-

188 2427 306 2517 maidis,
319 2449 430 2502 nostro
448 2441 582 2504 carmine
598 2452 699 2505 autem
716 2439 887 2506 Thebaidis
903 2439 1134 2523 Ptolemaisfl)

189 2551 394 2637 significatur,
423 2553 510 2636 cujus
538 2552 733 2617 conditorem
755 2553 970 2618 Ptolemaeum
992 2555 1136 2618 Soterem

180 2663 285 2727 luisse
296 2664 358 2748 jam
370 2665 543 2749 suspicatus
557 2675 604 2729 est
617 2664 877 2729 clar.Boecklrius
889 2667 1135 2750 inexplicatione
1149 2673 1151 2678 '

188 2777 304 2862 papyri
325 2777 428 2862 graeci
449 2778 493 2861 (p.
519 2777 600 2856 lo),
628 2776 719 2842 simul
743 2777 893 2854 afferens,
914 2780 980 2863 regi
1000 2781 1033 2842 in
1054 2776 1134 2841 urbe

190 2909 247 2952 sua
268 2887 383 2973 templa
406 2899 438 2953 et
459 2888 640 2953 sacerdotes
663 2893 855 2971 constitutos·
872 2889 977 2954 fuisse.
1028 2890 1135 2955 Ptole

181 3000 323 3064 maidem
350 3012 488 3066 nostram
509 3003 542 3064 in
564 3013 653 3086 parte
675 3001 741 3066 Nili
763 3003 884 3089 Libyca
909 3005 991 3067 inter
1013 3002 1135 3089 Apolli—

189 3113 331 3199 nopolim
353 3135 480 3198 parvam
501 3107 535 3177 'et
556 3111 707 3198 Abydum
729 3116 817 3178 sitam
837 3115 943 3192 fuisse,
968 3114 1062 3180 docet
1084 3117 1135 3179 lti-

181 3247 291 3290 'neran
319 3226 486 3305 Antonini,
514 3225 563 3290 ed.
592 3225 786 3311 Wesseling.
816 3250 847 3313 p.
879 3219 969 3304 158„
999 3246 1135 3310 quocum

224 3506 251 3577 ¹⁵)
273 3511 380 3563 Νείλοιο
399 3510 466 3581 πρὸς
484 3515 543 3562 πῖον
561 3514 665 3579 τέμενος
683 3509 813 3579 Κρονίδα.
842 3503 917 3561 Pind.
935 3502 1010 3580 Pyth
1028 3503 1074 3572 lV,
1092 3507 1134 3563 99.

260 3591 300 3649 ed.
319 3591 452 3653 Boecltlrii.

226 3679 266 3750 ⁸⁴³)
281 3683 389 3755 Ἑρμίου
406 3686 562 3754 Πιολιμαίς.
591 3679 633 3736 Ci.
652 3678 810 3754 Wesseling.
829 3677 861 3736 acl
873 3671 1133 3754 Hieroclis'Synecd

260 3788 286 3846 p.
306 3769 365 3825 731.
