3002 4544
228 464 301 521 l'aus
320 463 339 520 l.

241 811 335 861 Seniue

395 274 443 346 :tt

395 471 467 515 men
488 453 686 521 inmensura
710 458 964 514 omarnentorum
990 447 1075 543 apud
1102 448 1272 514 nonnullas
1300 451 1347 514 im

397 561 540 640 tercedit,
570 574 673 626 tamen
701 559 876 624 ubertatem
905 563 978 624 artis
1008 571 1040 625 et
1063 564 1184 648 copiam
1207 564 1239 625 in
1261 563 1346 626 iuve-

378 674 513 768 ,aiendo
538 684 691 737 testantur
717 675 830 736 omnia.

463 789 499 850 ln
522 785 624 849 rnedia
648 787 774 871 porticu
801 784 861 864 (ad
889 785 963 868 D¹)
993 783 1097 849 scalae
1126 784 1347 850 subterraneae

193 881 384 932 satiaremur.
396 897 480 961 bone
504 909 710 962 conservatae
733 908 813 974 sunt,
837 919 966 984 quarum
983 896 1087 962 aditus.
1100 919 1244 962 saxorum
1259 900 1349 962 ruina

398 1007 499 1096 paene
523 1007 701 1073 obstructus
726 1021 784 1072 est:
814 1011 915 1094 primo
945 1009 1167 1094 impedimento
1191 1020 1347 1096 superat0,

397 1121 519 1187 facilior
548 1120 717 1184 descensus
747 1121 787 1184 ad
815 1121 937 1198 Nilum,
972 1124 1059 1208 cujus
1089 1122 1192 1186 undae
1221 1141 1348 1208 parvam

397 1244 520 1320 portam
555 1232 685 1297 allurmt.
744 1234 869 1317 Hyeme
906 1244 1014 1298 auctus
1048 1235 1181 1298 fluminis
1213 1233 1288 1298 limo
1318 1243 1349 1297 et

399 1367 492 1408 arena
516 1357 639 1430 portam
662 1345 770 1431 implet
795 1356 826 1408 et
848 1347 927 1409 imos
951 1344 1064 1430 gradus
1088 1345 1225 1431 obtegit,
1246 1344 1347 1409 scalae

398 1461 485 1543 ipsae
508 1479 574 1521 non
597 1479 672 1521 saro
695 1459 823 1534 incisae,
846 1456 903 1520 sed
926 1456 1030 1542 lapide
1055 1455 1208 1543 quadrato
1233 1469 1349 1521 exstru-

399 1578 476 1644 ctae,
500 1571 579 1633 sieut
602 1570 705 1633 omnia
730 1590 829 1654 opera
852 1567 1063 1646 subterranea,
1087 1592 1168 1654 quae
1188 1569 1284 1632 Philis
1305 1570 1350 1632 in-

397 1682 582 1755 veniuntur;
612 1703 683 1744 narn
712 1667 833 1742 insulae
862 1671 963 1742 soluin
993 1683 1173 1764 graniticum
1200 1691 1350 1743 nontam

398 1789 548 1854 idoneum
575 1789 719 1856 videatur
747 1791 807 1854 illis
838 1790 1106 1876 excavationibus,
1140 1812 1217 1876 quas
1245 1793 1351 1876 Aegy-

397 1906 454 1990 ptii
477 1902 544 1967 aliis
568 1903 646 1980 loris
669 1906 701 1966 in
730 1903 835 1989 lapide
867 1905 1001 1970 calcario
1030 1905 1097 1969 sine
1124 1903 1190 1967 ulla
1218 1902 1351 1968 trabium

302 2048 306 2054 ·
397 2015 451 2078 vel
473 2015 607 2098 pilarum
630 2014 747 2075 fultura
770 2013 914 2076 fabricati
936 2026 1016 2106 sunt.

232 2134 341 2185 Atrium
367 2191 371 2201 Ι

200 2203 373 2270 splendidum.

221 2893 224 2898 Ι
234 2913 348 2966 Secundi

229 2985 345 3060 pyloner.

465 2125 536 2186 lam
565 2120 703 2206 pylones
726 2143 855 2206 magnos
885 2122 956 2204 (C)
985 2131 1176 2206 repetamus,
1206 2121 1246 2186 ad
1270 2144 1349 2208 quos

398 2257 458 2323 per
484 2232 617 2298 mediam
646 2233 768 2318 portam
797 2232 963 2298 ruderibus
992 2232 1183 2296 obstructam
1212 2245 1259 2299 est
1288 2233 1351 2300 adi-

400 2359 466 2423 tus;
490 2368 607 2411 summa
630 2344 834 2409 admiratione
857 2366 916 2409 nos
939 2343 1080 2430 implevit
1102 2343 1209 2431 templi
1232 2349 1349 2426 atrium,

400 2459 541 2546 undique
564 2461 771 2546 monumentis
794 2455 1103 2542 magnificentissimis
1119 2457 1347 2523 circumdatmn.

399 2573 597 2660 Quamquam
616 2571 716 2664 inille
734 2581 831 2654 parte,
854 2591 935 2654 quae
949 2569 1129 2654 aquilonem
1141 2581 1269 2664 spectat,
1289 2573 1349 2654 rui-

398 2708 459 2752 nae
483 2685 523 2751 ad
547 2695 696 2770 quattuor
710 2681 763 2758 vel
778 2683 920 2767 quinque
935 2679 1051 2767 pedum
1067 2671 1260 2749 altitudinem
1276 2705 1349 2748 con-

399 2810 505 2886 gestae
529 2807 608 2874 sunt,
632 2807 735 2860 tamen
758 2796 880 2859 eversio
896 2789 1169 2859 monumentorul
1183 2817 1250 2870 uon
1265 2805 1349 2860 tanta

389 2920 461 2992 est,
492 2909 607 2993 qua'nta
636 2909 668 2970 in
698 2909 826 2973 caeteris
854 2905 976 2971 insulae
1004 2906 1152 2992 partibus
1208 2905 1350 2996 Simrdat-

400 3043 463 3106 que
485 3023 642 3105 ingressus
668 3040 715 3095 es,
740 3016 948 3084 obversantur
975 3017 1032 3124 tibi
1053 3017 1183 3082 secundi
1204 3007 1349 3105 pylones

401 3130 523 3196 duabus
553 3129 609 3194 alis
638 3130 814 3215 ingentibus
844 3132 1028 3210 constructi,
1057 3129 1215 3217 prioribus
1236 3131 1350 3216 magni-

400 3243 526 3322 tudine,
549 3264 609 3307 nec
632 3254 736 3308 tamen
757 3242 876 3306 formae
900 3241 1053 3328 elegantia
1076 3241 1350 3317 inferiores31icet

401 3341 523 3441 obliqui
552 3357 613 3420 sint
637 3355 755 3440 anguli,
791 3351 904 3440 quibus
932 3353 1063 3421 secundi
1090 3352 1228 3440 pylones
1256 3356 1351 3440 positi

399 3477 482 3546 sunt,
504 3477 607 3530 tamen
631 3469 698 3531 atrii
720 3467 829 3545 sonna,
850 3464 984 3551 vulgatis
1006 3466 1243 3531 architectorum
1261 3487 1352 3556 regu-

400 3577 439 3642 lis
468 3581 569 3643 minus
597 3579 808 3664 respondens,
839 3579 1043 3664 spectantirun
1074 3578 1207 3652 animum
1235 3579 1350 3644 suavis-

400 3691 478 3755 sime
501 3703 687 3758 commovet·

1480 3651 1484 3872 l
