3002 4544
1050 313 1096 396 15,

150 497 305 572 tempore,
334 509 399 574 quo
427 486 570 552 locorum
598 487 821 572 hominumque
846 485 966 578 cultura
989 485 1029 552 ab
1050 491 1096 553 in-
1141 499 1226 558 Pms
1244 499 1266 558 1.

150 602 266 664 teriore
288 599 394 664 Africa
416 610 595 685 propagata,
617 599 724 664 Nilum
747 611 893 685 tanquam
915 599 1027 664 ducem
1049 622 1097 665 se-

150 732 258 797 quens,
284 711 500 788 fertilissimam
521 715 603 776 inter
624 715 752 798 primam
774 724 805 778 et
825 713 994 779 secundam
1017 722 1098 778 cata-

150 835 265 888 ractam
286 828 460 911 regionem,
474 823 606 910 templis
629 835 668 902 et¹
682 823 812 889 urbibus
834 822 981 911 replevit,
1009 847 1098 890 sacra

150 935 308 1002 Philensia
336 961 355 1001 a
383 936 600 1014 sacerdotibus
627 949 795 1024 procurata
823 938 919 1002 fuisse
942 941 1097 1025 conjecta-

150 1043 226 1112 mus
278 1049 359 1115 Cum
386 1061 499 1135 postea
520 1052 748 1135 Aegyptiorum
769 1071 898 1135 regnum
920 1054 1098 1140 potentissi-

149 1151 232 1224 mum
254 1165 453 1228 constitutum
476 1172 566 1241 essct,
581 1162 696 1235 ,Philae
718 1162 844 1248 quidem
864 1162 957 1228 sedes
971 1166 1099 1228 sanctis·

149 1275 225 1342 sima
257 1276 381 1351 mansit,
416 1296 600 1361 pomparum
635 1286 738 1340 autem
766 1275 847 1341 ordo
877 1287 1010 1342 mutatus
1040 1285 1096 1342 est

149 1386 215 1470 Qui
241 1388 536 1474 propterDeorum
564 1386 680 1453 cultum
707 1388 839 1454 insulam
861 1387 1003 1467 adibant,
1030 1408 1098 1453 non

150 1508 184 1561 ut
206 1508 298 1562 anteo
320 1521 337 1562 a
359 1498 488 1562 meridie
510 1497 642 1561 navibus
666 1496 909 1576 advehebantur,
931 1497 989 1562 sed
1011 1521 1030 1561 a
1049 1519 1099 1562 se-

149 1611 329 1694 ptentrione
350 1611 410 1674 iter
430 1607 589 1674 faciebant
612 1619 772 1688 terrestre,
795 1629 968 1688 arenosum,
991 1607 1099 1695 appel·

149 1719 258 1786 lebant
279 1721 319 1785 ad
339 1722 472 1786 insulam
494 1721 569 1788 loco
592 1741 743 1807 perquam
756 1721 973 1796 incommodm
996 1723 1099 1807 aptior

150 1843 217 1896 erat
246 1833 411 1914 appulsus²
439 1843 590 1914 utsupra
613 1832 757 1908 diximum
778 1835 812 1894 in
833 1843 922 1915 parte
945 1831 1098 1910 orientali,

148 1940 206 2004 ubi
227 1939 422 2026 peristylium
451 1941 534 2019 (A),
562 1943 686 2025 pompis
713 1939 920 2025 excipiendis,
948 1951 979 2006 et
1006 1951 1099 2027 porta
1131 1979 1135 1990 ·

149 2050 285 2120 lateralis
308 2051 515 2134 (B)-magnis
537 2050 693 2136 pylomnn
715 2050 836 2114 foribus
859 2053 1018 2137 contigua,
1048 2074 1100 2116 ex-

148 2174 265 2228 structa
288 2173 384 2228 erant.
437 2161 520 2248 Quo·
536 2139 679 2248 tempdre
700 2162 782 2226 facta
804 2165 844 2226 sit
866 2162 1042 2228 aedificatio
1064 2166 1098 2228 in

151 2275 295 2364 ambiguo
324 2274 541 2360 relinquimus;
570 2285 689 2339 tantum
718 2273 822 2346 dicere
848 2273 937 2352 licet,
964 2278 1099 2361 peristy-

149 2388 224 2452 lium
246 2385 399 2453 orientale
423 2397 454 2451 et
475 2397 598 2472 portem
621 2387 690 2467 (B)
712 2389 819 2465 serius,
842 2409 934 2471 quam
955 2409 1099 2475 magnum

155 2501 305 2587 templum
325 2499 429 2564 media
450 2502 483 2563 in
504 2498 621 2575 insula,
644 2509 799 2562 exstructa
820 2521 898 2563 esse.

215 2609 372 2684 Absoluta
398 2612 491 2696 hujus
517 2613 710 2675 monumenti
732 2609 957 2697 descriptione,
985 2609 1026 2674 ad
1049 2631 1099 2674 ce-

150 2736 218 2789 tera
238 2729 444 2801 transeamus,
468 2734 499 2786 et
521 2722 743 2788 ambulantium
764 2743 869 2801 more,
896 2743 977 2807 quae
1004 2719 1098 2785 nobis

150 2839 292 2923 proxima
319 2829 405 2914 sunt,
433 2832 665 2921 perlustremus.
715 2834 768 2899 Ad
794 2855 924 2920 magnos
951 2833 1099 2920 pylones‚

153 2970 234 3035 quos
267 2951 301 3012 in
333 2947 435 3012 media
456 2946 558 3012 insule
586 2949 717 3033 primrmr
744 2945 1013 3012 animadvertimus
1040 2968 1099 3032 per

152 3060 317 3125 domorum
351 3058 542 3127 arabicannn
575 3061 680 3122 ruinas
711 3057 939 3144 progredimur.
997 3058 1100 3121 Parva
1129 3065 1215 3120 Porta
1233 3085 1286 3122 aon

151 3184 244 3260 porta
273 3173 340 3254 (B)
368 3182 547 3236 transverso
577 3170 693 3256 angulo
721 3175 856 3272 magnae
878 3170 1007 3258 pylonis
1030 3166 1100 3266 alae
1147 3140 1269 3278 221382Σο

151 3285 201 3368 (C
215 3287 250 3367 ¹)
279 3283 426 3370 adjuncta
454 3294 514 3362 est,
549 3293 580 3348 et
612 3285 750 3370 quamvis'
782 3285 825 3347 ita
859 3281 1031 3356 collocate,
1064 3290 1100 3345 ut

151 3419 267 3484 paucas
290 3407 408 3460 tantum
432 3394 560 3480 obtegat
581 3394 697 3480 figuras
712 3393 972 3478 hieroglyphicas,
994 3403 1116 3486 tamen,

150 3511 249 3575 serius
279 3530 347 3572 carn
376 3519 408 3572 et
435 3506 509 3574 loco
538 3510 638 3570 minus
668 3515 743 3592 apto
772 3504 924 3592 adjectam
953 3527 1022 3570 esse
1045 3527 1099 3590 ap-

151 3632 249 3709 paret.
294 3615 418 3684 Multae
442 3622 475 3684 in
499 3642 536 3683 ea
557 3621 775 3705 inscriptiones
797 3638 904 3682 sacrae
926 3621 1097 3704 scripturae

152 3744 334 3810 cernuntur,
364 3754 494 3816 quarum
522 3734 609 3817 sigua
635 3733 728 3795 variis
757 3742 868 3818 operta
889 3741 962 3796 sunt
984 3729 1099 3795 colori-

150 3843 219 3924 bus,
244 3843 408 3910 intervalla
429 3847 510 3910 inter
530 3854 622 3911 notas
644 3843 904 3931 hieroglyphicas,
925 3841 1098 3911 naturalem
