3002 4544
835 323 851 360 ⁶
1049 337 1100 413 sl

155 514 235 580 deae
262 511 404 591 obstant,
441 521 522 598 quae
552 515 641 599 aquis
669 511 913 578 tumescentibus
941 509 1103 594 obtectae,
1156 504 1270 570 Pausi

153 629 313 695 maximam
336 635 460 711 partem
488 623 612 690 ablatae
633 636 719 702 sunt;
749 645 817 691 non
837 625 967 691 multum
989 625 1105 692 distant

154 763 173 804 a
194 743 289 824 janua
310 739 431 824 postica
455 741 664 823 exopposito
687 739 721 802 in
741 738 847 818 Philis‚
871 761 952 826 quac
969 763 1006 806 ex
1023 763 1104 829 aqua

156 855 284 930 eminet,
312 845 444 917 navibus
475 847 671 936 appellandis
694 851 820 918 idonea.
870 852 950 918 lnde
972 877 990 918 a
1012 853 1104 919 scalis

155 964 231 1030 olim
257 965 340 1028 viam
359 965 514 1030 munitam
543 961 584 1028 ad
616 963 781 1050 templum!
798 967 1000 1053 pertinuisse,
1034 987 1105 1032 eum

154 1097 222 1144 non
250 1075 360 1161 lugiet,
390 1078 443 1161 qui
466 1086 698 1142 caementorum
720 1098 814 1141 arena
835 1097 939 1163 paene
961 1068 1120 1144 obtecto?
1154 1113 1155 1124 κ

154 1209 223 1254 nrm
266 1190 456 1273 positionem
496 1199 639 1256 accurate
675 1188 887 1276 perpenderit.
946 1177 1109 1256 saeelum
1137 1191 1264 1264 'pasqua

154 1304 255 1388 ipsum
277 1300 441 1387 parridum
461 1299 567 1380 luisse,
590 1301 804 1366 columnarmn
824 1302 949 1368 modica
971 1304 1104 1395 altitudo
1146 1265 1280 1318 mmm

155 1411 285 1499 probat,
314 1413 423 1478 decem
450 1412 504 1478 vel
531 1414 698 1480 duodecim
726 1414 826 1500 pedes
853 1435 921 1480 non
943 1437 1103 1502 superans.

155 1525 284 1590 Statuas
311 1526 444 1608 ingentis
471 1501 696 1607 magnitudinis*
716 1525 887 1610 trapitionta
921 1547 1015 1590 arena
1048 1524 1107 1591 ob-

137 1635 251 1702 ducta
280 1656 383 1722 prope
406 1633 555 1720 templum
577 1634 796 1714 offenduntur,
825 1639 947 1721 priscae
967 1635 1107 1724 magnifi-

157 1751 279 1814 centiae
304 1749 514 1812 testimonium
536 1747 746 1812 clarissimum.
796 1746 968 1814 lezonius
991 1771 1009 1814 a
1030 1761 1107 1816 tem·

156 1860 214 1947 plo
241 1858 403 1922 meridiem
429 1877 547 1920 versus*
567 1857 713 1940 sepulcra
728 1869 762 1920 'a'
783 1857 876 1921 nohis
897 1877 965 1922 non
985 1863 1108 1924 visitata

34 2019 39 2030 .
156 1970 291 2046 invenit,
322 1987 406 2066 quac
442 1988 510 2030 cum
542 1964 635 2030 simili
665 1964 741 2031 loco
771 1966 927 2033 Thebano
960 1971 993 2032 in
1024 1989 1108 2057 pago

157 2080 268 2148 Gurna
290 2077 453 2142 contendit
466 2075 511 2158 ἢ.
566 2153 573 2168 ι

222 2188 356 2257 Duabus
385 2187 494 2255 sacelli
521 2190 601 2254 anus
630 2189 793 2276 impositus
823 2193 871 2256 es't
900 2213 990 2257 arcus
1010 2191 1108 2258 forni-
1180 2199 1256 2269 opu·

158 2315 255 2382 salue,
276 2302 319 2368 da
343 2323 407 2388 quo
431 2299 562 2387 amplius
578 2299 793 2365 disserendum
816 2275 871 2368 esti
909 2303 1031 2370 Multos
1052 2304 1108 2369 ille
1120 2270 1318 2397 ‚sffiaffi

156 2420 294 2483 viatores
317 2418 350 2479 in
373 2436 511 2480 errorem
532 2411 662 2490 induxit
686 2416 740 2499 qui
759 2413 922 2480 veteribus
943 2417 1107 2504 Aegyptiis

158 2531 264 2616 operis
298 2527 443 2594 fornicati
477 2525 564 2610 leges
591 2529 765 2591 innotuisse
791 2525 852 2592 sihi
878 2539 1106 2614 persuaserant.
1196 2602 1198 2606 ,

157 2641 339 2717 Belzonius,
351 2637 549 2709 ‘observator
570 2649 687 2718 acutus,
709 2639 800 2725 hujus
823 2661 914 2704 arcus
935 2651 1109 2726 conspectu

159 2753 324 2838 deceptam,
352 2761 464 2838 postea
492 2751 526 2816 in
553 2750 734 2815 Thebarum
761 2751 928 2838 necropoli
955 2751 1108 2818 fornicem
1197 2807 1201 2818 .

157 2868 315 2931 invenisse
337 2861 396 2930 sihi
416 2867 502 2930 visus
525 2857 573 2928 est
586 2861 652 2944 **).
689 2864 909 2950 Pervcstigatis
932 2867 1014 2929 enim
1027 2887 1108 2931 non-

158 2977 253 3044 nullis
282 2976 436 3062 hypogeis
460 2974 500 3040 ad
521 2961 634 3068 pagum
657 2972 782 3054 Guma,
811 2997 920 3042 eorum
947 2980 1107 3049 introitum

159 3098 334 3175 repererat,
365 3111 427 3176 qua
454 3097 544 3175 parte
571 3088 672 3150 minus
699 3085 808 3176 firmus
834 3087 1002 3154 videbatur
1028 3089 1108 3174 lapis

160 3200 328 3280 saleardus,
356 3221 455 3286 opere
476 3194 632 3265 donnicato
653 3201 811 3276 munitam.
863 3200 964 3286 Quod
985 3221 1054 3264 cum
1075 3202 1109 3265 in

158 3313 351 3400 paucissimis
374 3313 529 3400 hypogeis
551 3311 666 3376 factum
688 3313 740 3391 sit,
769 3333 841 3398 pros
857 3323 944 3376 certo
973 3321 1109 3378 stamen

38 3415 44 3428 ⁹
160 3423 234 3489 dum
264 3434 327 3504 est,
361 3422 456 3488 talem
491 3427 652 3489 introitum
680 3425 857 3492 recentiore
891 3433 1034 3526 tempore
1068 3423 1109 3488 ad

158 3535 396 3604 restaurandum
418 3557 499 3624 opus
521 3535 676 3623 adjectum
699 3557 779 3641 esso.
830 3533 904 3601 Alio
928 3529 1108 3602 Thebanum

194 3799 223 3869 4“)
239 3799 375 3858 Nar-ratim
394 3797 426 3856 oi
438 3798 483 3856 the
501 3797 667 3876 Operatione
686 3818 713 3877 p.
729 3763 790 3856 issi.

195 3884 355 3955 ”l'Belacni
371 3887 389 3945 l.
404 3886 425 3946 l.
442 3907 468 3967 p.
488 3888 540 3949 176
557 3904 615 3964 sqq.
