3002 4544
1066 349 1114 428 aa

165 541 200 594 ut
220 531 253 594 in
274 534 369 595 sacris
390 529 525 616 publicis
546 531 631 596 faces
648 530 866 608 accendantur,
888 551 946 616 per
959 527 1114 616 reliquum
1166 543 1240 602 Pars
1260 544 1277 602 1.

165 654 286 728 tempus
309 633 553 742 obscuritas03't.
604 633 814 708 Nihilominus
843 646 919 708 mira
935 643 1115 744 ¹Aegyptio-

164 777 244 818 rum·
261 755 420 842 diligentia
449 763 493 820 ets
505 759 640 840 parietes
665 767 696 820 et
717 756 874 820 lacturaria
897 759 990 842 signis
1013 757 1115 820 hiem-

165 867 320 954 glyphicis
349 871 524 947 exomavit‚
554 891 591 933 ac
616 868 670 933 vel
691 870 845 932 minimam
868 889 1024 955 quamque
1044 859 1115 955 pir-

165 991 228 1055 tem
262 985 392 1045 maxima
422 1002 495 1044 cura
526 981 713 1046 elaboravit.
771 979 968 1067 Quamquam
995 983 1028 1044 in
1056 981 1118 1044 hac

165 1102 254 1177 parte
282 1104 397 1157 tectum
412 1072 654 1179 'integerrimum
682 1097 844 1171 remansit,
878 1105 982 1158 tamen
1012 1095 1117 1158 omnia

166 1202 329 1268 conclavia
350 1207 446 1271 ruinis
471 1217 501 1271 et
523 1205 679 1292 lapidibus
701 1205 828 1292 impleta
851 1207 938 1284 sunt}
967 1224 1047 1292 quae
1075 1227 1114 1269 eo

81 1393 83 1399 s
161 1321 307 1399 'tempore
332 1330 478 1406 congesta
503 1342 571 1384 csse
595 1317 758 1397 credimus,
781 1331 845 1404 quo
863 1340 979 1385 ‘omnes
1001 1323 1034 1383 in
1053 1320 1116 1382 Ae-

165 1430 433 1524 gypto-ecclesiae
457 1409 640 1496 christianae
656 1431 696 1495 ab
712 1430 870 1495 Arabihus
887 1433 1016 1495 eversae
1033 1439 1113 1492 sunt.

154 1541 261 1604 'Nunc
289 1542 383 1604 aedes
412 1541 619 1627 pulcherrima
648 1542 769 1605 incolas
797 1541 893 1607 hahet
920 1539 1029 1604 nullos
1057 1541 1117 1603 nisi

165 1651 416 1736 vespertiliones,
454 1657 522 1738 qui.
536 1675 677 1738 magnam
707 1656 858 1738 parietum
888 1664 1008 1740 partem
1035 1650 1117 1716 nidis

166 1755 431 1842 contaminarunt,
465 1765 594 1830 foedum
622 1778 802 1851 spargentes
836 1759 983 1842 odorem,
1018 1763 1118 1850 qualis

167 1886 215 1938 est
237 1885 406 1958 corporum
420 1887 630 1964 *mortuorum
652 1875 901 1942 molestissimum
925 1876 1025 1952 illino,
1053 1889 1118 1960 quo

120 2011 123 2017 ·
166 1984 319 2071 pleraque
347 1987 485 2069 Aegypti
513 1985 628 2070 templa
659 1999 690 2051 et
716 1989 863 2072 hypogea
885 1987 1012 2073 perlusa
1035 1997 1116 2074 sunt.

166 2099 202 2164 ln
231 2096 388 2173 conclavi,
425 2094 513 2181 quod
541 2096 676 2159 medium
707 2110 754 2162 est
787 2098 869 2190 inter
903 2101 1116 2176 remotissima,
1175 2130 1281 2186 Sacetta

148 2213 223 2274 ¹tr‘ia
246 2208 361 2299 sacella
376 2197 551 2272 monolitha
566 2213 713 2293 granitica
730 2206 805 2274 olim
822 2209 998 2286 exstabant;
1021 2207 1117 2274 unum
1147 2203 1301 2259 mmmm·
1389 2199 1393 2206 ⁶

166 2323 387 2386 Britannorum
416 2342 576 2406 proxenus
605 2321 721 2385 Saltius
751 2319 900 2387 Kahirain
926 2335 1117 2410 transporta-

166 2437 220 2498 vit:
249 2433 347 2518 ¹Quo
372 2409 535 2518 adempto,
563 2436 595 2496 in
619 2433 687 2510 illa,
718 2456 809 2519 quam
834 2435 967 2513 obtexit,
989 2439 1117 2522 parietis
1177 2441 1180 2448 ’

166 2558 255 2633 parte
288 2543 378 2608 Isidis
412 2543 513 2631 figura
548 2547 705 2630 apparuit,
741 2546 969 2633 elegantissima
989 2569 1118 2632 corpo·

166 2661 208 2722 ris
241 2657 355 2733 fonna,
390 2652 488 2742 opere
522 2655 648 2720 caelato
676 2670 831 2742 expressa.
887 2646 960 2724 Hoc
986 2670 1117 2745 parvum
1154 2669 1156 2676 “

168 2767 342 2854 exemplum
365 2778 425 2845 est,
453 2768 553 2853 qualis
575 2769 669 2834 luerit
692 2767 766 2835 olim
789 2781 857 2836 tota
879 2771 983 2837 aedes.
1017 2773 1118 2836 .Varii

168 2880 293 2946 colores
321 2883 354 2944 in
382 2879 457 2945 albo
488 2881 588 2945 fundo
612 2885 860 2968 conspiciuntur,
890 2903 1024 2972 qnorum
1046 2881 1120 2949 sub-
1211 2901 1218 2908 ·

167 2993 229 3062 tilis
263 3015 323 3070 ars,
349 3003 380 3057 et
412 2983 619 3080 integeniina'
647 2993 844 3061 conservatio
882 3019 977 3082 quum
999 3013 1119 3082 ·quem-

168 3127 230 3192 que
252 3115 444 3191 spectantem
464 3129 550 3170 nunc
572 3109 663 3171 etiam
686 3129 803 3180 sunma
826 3107 1030 3174 admiratione
1052 3107 1132 3200 alli-¹

168 3219 265 3296 ciant,
294 3227 420 3303 quanta·
438 3217 670 3305 pulchritudine
694 3220 878 3286 excelluisse
902 3235 1031 3285 censeas
1052 3239 1119 3284 mo-

168 3339 350 3395 numentum
373 3333 458 3396 omni
480 3341 571 3417 parte
593 3331 707 3396 eodem
729 3332 826 3398 modo
850 3333 1051 3397 exornatum?

135 3497 145 3520 ,
233 3441 376 3508 Alterum
405 3443 555 3510 sacellum
582 3443 789 3509 monolithmn
814 3449 847 3510 in
871 3441 1014 3508 conclavi
1036 3441 1120 3531 adja-

165 3551 259 3620 cdote
274 3567 479 3642 'asservatam
508 3567 594 3622 tanta
618 3557 754 3650 caligine
777 3555 966 3636 involutum,
988 3553 1031 3621 ¹ut
1052 3560 1119 3622 sine

168 3668 250 3734 duce
279 3666 478 3734 haud-facile
500 3673 632 3756 reperiri
653 3673 763 3757 possit.
812 3669 892 3734 Post
920 3672 1044 3734 tertium
1066 3689 1119 3735 va-

167 3793 242 3847 num
270 3779 440 3846 auferendi·
459 3788 612 3847 'conatum
640 3785 672 3848 in
700 3801 824 3870 pronao
852 3761 1117 3849 subversum‘est.

168 3890 293 3957 Sacella
314 3892 490 3961 mo'nolltha
512 3887 624 3961 caveas
636 3895 742 3963 luisse
758 3897 912 3986 accipitris
928 3897 1017 3976 Sarni,
1038 3903 1120 3961 teste
