3002 4544
155 467 252 586 duod,
285 506 343 572 sed
370 506 411 572 ad
441 505 699 594 elegantissimum
727 521 870 597 pteroma
896 496 1014 599 templo
1045 515 1102 578 cir-
1157 523 1232 582 Pms
1250 524 1271 604 t.

153 621 357 705 cumjectum0
405 622 443 684 Iu
484 623 607 686 interna
648 626 830 708 pteromatis
868 634 957 722 parte
993 620 1100 690 ‘leonis

149 731 253 796 'statua
288 744 347 812 est,
382 733 483 798 cellae
517 755 607 800 muro
644 703 807 828 adaptata,⁸
839 757 931 821 quam
965 737 1102 802 Lancre-

142 853 202 908 urs
247 844 458 910 effundendae
504 869 604 934 aquae
648 847 769 913 lustrali
810 849 976 916 inservisse
1013 859 1103 916 recte

152 958 315 1034 existiman
350 981 430 1043 quae
462 961 496 1024 in
530 971 656 1026 externa
689 959 877 1046 templorum
909 971 999 1046 parte
1013 981 1015 988 ’
1031 961 1099 1027 leo*
1133 975 1135 990 '

150 1069 198 1131 nis
238 1078 359 1134 statuae
401 1084 570 1136 cermmtur
613 1111 653 1122 -
695 1075 775 1137 sieut
793 1107 795 1115 2
815 1075 847 1136 in
887 1073 983 1138 Philis
1022 1076 1104 1161 ipsis

149 1179 230 1261 (vid.
264 1183 364 1264 inira)
395 1186 485 1249 etin
513 1185 631 1272 templo
662 1186 886 1271 Tampilum,
920 1196 995 1251 octo
1023 1185 1097 1252 leo.-

148 1283 222 1358 num
260 1298 370 1362 statuis
412 1307 524 1363 ornato
565 1319 605 1348 -’-
647 1320 757 1384 aquam
797 1297 973 1384 pluvialem
989 1297 1104 1364 demir-

148 1408 225 1470 sisse
259 1406 423 1484 videntum¹
455 1431 543 1473 saera
578 1413 658 1476 enim
692 1432 798 1496 neque
832 1421 919 1474 extra
946 1410 1102 1497 templum

149 1515 408 1601 perficiebantur,
436 1541 542 1603 neque
569 1523 724 1606 repentini
750 1519 866 1582 imbres
892 1523 925 1584 in
946 1525 1104 1607 Aegypto·

146 1626 242 1714 plane
277 1628 415 1696 deerant.
475 1629 652 1697 Columnae
687 1633 869 1716 pteromatis
905 1630 946 1698 ad
975 1636 1095 1698 tertiam

147 1739 317 1807 altitudinis
354 1753 473 1829 partem
507 1765 598 1807 muro
630 1744 817 1829 conjunctae
852 1754 940 1819 s‘unt3
973 1744 1103 1830 reliqua.

146 1852 412 1916 intercolumnas
436 1864 581 1940 apertura
605 1852 674 1916 sola
704 1856 1022 1940 est‚„quae1templo
1049 1856 1096 1920 lue
1205 1859 1239 1940 ,'

149 1983 217 2024 cem
249 1961 390 2047 praebet.
441 1963 528 2026 -Tn'a
562 1961 662 2026 cellae
696 1962 872 2042 conclavia,
910 1987 1104 2051 quamquam.

146 2073 241 2159 plane
258 2071 419 2149 obseura,
449 2082 553 2138 tamen
582 2071 726 2136 omnibus
754 2073 834 2138 loeis
857 2075 971 2142 tabulis
993 2078 1096 2144 hiero*
1200 2083 1205 2095 ’

146 2184 304 2272 glyphicis·
332 2188 483 2250 instructa
516 2191 597 2249 sunt.
652 2183 916 2271 Frequentissime
950 2189 1007 2254 Isis
1041 2188 1099 2255 de-

141 2300 229 2388 picta
252 2309 313 2376 est,
340 2306 470 2366 comuta
499 2295 567 2374 illa,
591 2279 672 2382 quae
696 2297 813 2363 discum
842 2298 1001 2380 (lunarem
1024 2322 1099 2368 esse

146 2409 299 2492 creduut)
320 2411 401 2473 inter
421 2417 588 2495 utrumque
612 2431 712 2475 cornu
733 2421 841 2497 gestat.
891 2413 1009 2477 Variae
1030 2412 1094 2478 for-

144 2545 214 2586 mae
243 2532 315 2587 sunt
343 2519 523 2607 adjunctae,
551 2523 746 2608 interspersis
775 2525 859 2589 notis
881 2523 1094 2610 hieroglyphi-

146 2623 199 2714 eis,
219 2637 255 2700 in
275 2609 639 2724 quarumyexplanalione
661 2635 780 2699 frustra-
795 2645 833 2698 ut
851 2637 935 2700 inre
951 2635 1101 2702 abstrusa

147 2727 355 2814 et'recondita
369 2743 463 2809 labor
477 2755 509 2809 et
524 2765 597 2810 cura
612 2745 800 2810 Lancretum
815 2749 914 2811 torsit.
945 2746 979 2810 si
993 2749 1096 2811 iner-

145 2839 310 2947 planandis
321 2859 530 2946 monumentis
541 2855 610 2936 illis,
624 2869 803 2943 quaenotas
810 2860 1038 2946 Aegyptiorum
1045 2875 1101 2926 εει-’-

146 2993 215 3038 cras
229 2992 293 3037 una
315 2991 384 3069 cum
398 2971 656 3055 interpretatione
672 2993 782 3056 graeca
797 2971 977 3052 ostendunt,
998 2983 1033 3037 ut
1046 2972 1093 3036 la·
1182 2955 1186 2961 ’

145 3086 195 3171 pis
216 3080 420 3172 Rasehidieus
444 3092 480 3148 et.
498 3080 558 3146 alia
581 3105 699 3168 pauca,¹
723 3083 864 3150 nundum
888 3105 927 3152 eu
949 3086 1102 3171 provecti,

144 3197 278 3274 sumus„¹
294 3206 330 3261 ut
357 3195 602 3280 uniuscujusque
624 3204 720 3260 notae
741 3199 803 3259 vim
826 3207 914 3262 certo
938 3197 1101 3280 cognitam.

96 3311 106 3328 “
145 3305 316 3372 habeamus
344 3308 434 3389 (nam
462 3317 588 3393 praeter
615 3328 723 3393 regum
750 3311 881 3374 nomina
904 3327 1011 3400 pauca·
1027 3315 1093 3372 tan-

146 3429 211 3484 tum
243 3421 329 3505 signa
361 3418 514 3505 explicata
543 3402 646 3501 sunt):
682 3418 844 3504 quomodo
873 3417 945 3484 fieri
971 3430 1100 3505 potest„

144 3541 181 3598 ut
212 3532 305 3618 signa.
332 3531 465 3618 linguae·
484 3534 604 3597 reteris
638 3531 868 3618 Aegyptiorum
884 3585 891 3593 ,
909 3530 1092 3618 deperditae
1141 3613 1143 3618 Ι

144 3665 210 3709 uno
235 3643 390 3732 Coptieae
413 3645 596 3732 recentioris
620 3642 734 3710 auxilio
756 3640 971 3710 illustrentur?
1104 3625 1108 3633 ’

210 3755 259 3819 Ex
288 3745 423 3821 adverso
446 3754 554 3841 templi
576 3753 779 3822 occidentalis
801 3754 893 3837 (Μ),
922 3754 972 3820 ala
1000 3755 1093 3842 pylo-
1130 3767 1283 3838 nupturus

145 3868 194 3931 nis
216 3865 287 3950 (C)
311 3879 443 3956 portam
457 3870 608 3936 minorem
630 3865 740 3947 habet,
768 3887 851 3956 quae
872 3889 891 3934 a
912 3865 1011 3936 latere
1032 3866 1094 3949 (ad
1146 3841 1253 3914 [Μ’
