3002 4544
392 333 445 411 20

227 527 339 590 Paret
395 510 492 580 Philia
516 520 548 577 et
567 507 671 576 multis
694 507 761 576 aliis
784 506 872 577 locis.
923 508 962 576 lu
982 511 1108 598 porticu
1129 505 1268 576 Philensi
1283 509 1346 592 (D)

395 645 516 714 rrum
544 623 672 690 fluvium
694 634 853 711 spectans,
879 633 941 688 mm
963 621 1136 710 aequaliter
1157 620 1275 687 oblitus
1298 631 1347 688 est

395 737 459 802 boc
474 757 586 814 coeno,
609 747 652 815 ut,
673 739 727 823 qui
740 737 841 800 minus
855 733 1022 820 diligenter
1034 755 1155 798 mumm
1169 734 1347 821 perlustret,

396 846 703 934 hieroglyphicarum
723 861 869 914 notarum
889 848 1020 933 vestigia
1039 849 1091 912 vix
1113 845 1344 910 animadvertat.

395 959 501 1046 Scopa
524 957 662 1026 adbibita
683 959 736 1026 vel
759 958 869 1039 cultro
891 958 1006 1024 formas
1028 957 1167 1024 occultas
1188 960 1221 1023 in
1242 957 1347 1024 lucem

394 1093 502 1136 rursus
523 1070 677 1158 proferes.
714 1070 880 1158 Ejusmodi
901 1070 1156 1136 circumlitionem
1177 1069 1219 1134 ad
1239 1071 1348 1136 inscri-

395 1185 521 1270 ptiones
553 1193 678 1250 nostras
710 1185 744 1248 in
776 1181 906 1268 pylonis
940 1182 991 1248 ala
1028 1180 1195 1270 ponendas
1233 1181 1346 1247 factam
1406 1191 1409 1197 “

394 1293 504 1373 fuisse,
526 1316 586 1381 pro
610 1305 697 1360 certo
719 1297 930 1372 statuerimusr
958 1333 998 1346 -
1026 1315 1132 1382 neque
1154 1293 1233 1360 alius
1254 1293 1345 1360 locus

395 1407 500 1491 aptior
517 1415 592 1484 erat,
610 1409 647 1472 in
662 1428 726 1493 quo
744 1409 1009 1494 consignarentur.
1046 1405 1130 1472 Cum
1143 1405 1344 1471 Ptolemaeus

392 1515 575 1582 Alexander
600 1517 654 1583 vel
679 1521 748 1608 ipse
770 1519 875 1584 Philas
895 1519 1012 1599 adiret,
1038 1517 1093 1582 vel
1113 1519 1263 1597 mitteret,
1290 1517 1345 1603 qui

390 1647 453 1691 suo
483 1631 610 1693 nomine
631 1628 707 1694 lsidi
732 1640 809 1694 vota
829 1631 997 1707 offerrent,
1025 1641 1120 1714 atque
1147 1631 1211 1694 lroc
1237 1626 1346 1692 lauda-

391 1735 458 1802 bile
487 1738 602 1804 factum
629 1761 689 1828 per
715 1742 951 1828 inscriptionem
984 1741 1160 1828 posteritati
1194 1738 1344 1804 mandare

393 1847 507 1931 vellet,
537 1854 749 1942 opportrurior
774 1853 832 1921 1110
859 1856 994 1921 inveniri
1019 1873 1086 1918 non
1107 1861 1234 1939 poterat
1255 1848 1345 1916 tabu-

239 2033 249 2054 ·
391 1961 443 2040 lae
463 1962 570 2042 locus,
599 1968 653 2048 qui
672 1969 759 2048 juxta
780 1977 904 2048 portam
924 1963 1113 2048 ingredienti
1134 1966 1247 2048 cuique
1271 1971 1345 2028 ante

392 2071 504 2138 oculos
520 2080 612 2136 esset
650 2069 791 2136 Alteram
806 2082 927 2156 partem
941 2071 1101 2137 literarum
1115 2073 1148 2134 in
1163 2069 1278 2156 lapide,
1300 2070 1345 2134 al-

392 2192 495 2247 ⁴teram
515 2184 548 2246 in
573 2177 737 2246 lithoeolla
758 2183 892 2267 positam
913 2181 1009 2246 fuisse
1033 2189 1176 2269 apparet,
1204 2201 1265 2244 nec
1287 2179 1344 2245 du·
1489 2181 1490 2255 l

389 2291 644 2379 biamus-quin
664 2291 846 2358 sacerdotes
867 2295 942 2380 ipsi,
965 2290 1090 2372 delubri
1111 2291 1267 2379 dignitatis
1287 2296 1344 2358 im-

389 2427 559 2484 memores,
580 2405 654 2468 huic
674 2407 721 2469 rei
743 2425 873 2491 operam
895 2404 1048 2472 dederint
1085 2403 1220 2490 Pylonis
1241 2407 1343 2493 parie-

390 2528 439 2584 tes
466 2527 552 2584 tanta
578 2515 749 2603 figruarum
777 2537 934 2582 sacrarum
961 2517 1115 2604 farragine
1144 2515 1239 2583 obsiti
1260 2527 1341 2602 sunt,

389 2640 425 2696 ut
446 2627 537 2694 nullo
561 2628 624 2710 alio
646 2628 753 2708 modo,
774 2631 836 2695 nisi
858 2631 1011 2716 exposito,
1031 2627 1141 2716 paullo
1164 2627 1341 2716 longiorem

389 2743 470 2828 regis
502 2743 738 2829 inscriptionem
768 2739 938 2807 moenibus
971 2740 1134 2828 adponere
1169 2746 1339 2829 potuerint
1424 2796 1427 2802 .

388 2851 578 2931 Lithocolla,
604 2874 674 2918 cum
697 2875 735 2918 err
757 2856 873 2918 cavatis
894 2853 1014 2940 figurae
1036 2853 1229 2919 lineamenn's
1251 2853 1342 2940 paul-

388 2963 475 3028 latim
493 2963 672 3044 excidisset,
694 2963 800 3032 literas
822 2987 948 3054 graecas
971 2965 1050 3034 tales
1072 2965 1207 3054 reliquit,
1228 2963 1339 3052 quales

387 3097 474 3142 nunc
494 3077 704 3141 inveniuntur.

455 3186 521 3274 Qui
543 3189 726 3275 opinionem
746 3185 885 3254 nostram
905 3209 973 3255 non
987 3186 1151 3276 probaturi
1171 3199 1251 3269 sunt,
1276 3193 1339 3278 jam

388 3298 466 3385 quid
487 3299 624 3365 sentiant
645 3297 686 3364 de
707 3301 910 3387 inscriptione
934 3304 968 3367 in
990 3281 1088 3368 altera
1109 3299 1266 3390 pylonrun
1287 3302 1339 3370 ala

387 3409 463 3492 (C),
491 3409 598 3476 tabula
618 3421 728 3477 nostra
749 3413 788 3477 ll.
810 3412 912 3480 lomna
929 3415 979 3480 ’61
1021 3415 1225 3500 Lysimachus
1252 3408 1340 3504 πάρ-

387 3521 489 3609 εδρος,
510 3499 684 3590 prorata
697 3523 917 3612 etcopiose,
938 3525 1136 3612 rnnaaupn
1158 3538 1190 3594 et
1210 3529 1339 3612 regnae

388 3644 498 3698 rotrrrn
525 3639 718 3724 consignavit
744 3657 829 3704 anno
859 3639 903 3704 to
924 3661 952 3703 a.
976 3635 1036 3704 Cb.
1059 3659 1090 3704 n.
1113 3636 1158 3722 41).
1209 3637 1336 3705 Priores

280 3917 294 3944 .
420 3861 798 3958 timueras·
