3002 4544
216 525 294 584 Paos
308 525 328 584 l

319 835 321 840 ¹
386 869 448 913 vae
480 857 528 912 est
555 847 704 912 utilitatis.
758 845 792 908 Si
821 846 903 908 enim
931 846 971 912 in.
990 843 1197 908 fundamenn's
1225 853 1337 928 portae
1437 849 1442 862 ⁸

378 960 550 1062 ¹vestigium
570 961 742 1036 inveneris,
770 958 866 1022 totius
889 978 1029 1022 camerae
1057 958 1246 1042 positionem
1268 975 1337 1017 ver-

379 1063 440 1138 sus
469 1069 612 1161 adytum,
646 1092 711 1156 quo
740 1068 926 1154 plerumque
954 1067 1194 1134 asservabantur
1221 1065 1338 1132 sacella

187 1305 371 1376 Peristylc'um

97 1389 102 1400 ·
212 1393 278 1444 cpcc
292 1393 357 1444 non¹

199 1447 358 1510 absolutum,

391 335 438 414 lt

387 510 533 597 plurima,
555 573 559 582 ,
579 517 683 595 partes
719 509 861 572 internas
898 503 938 570 ab
976 507 1110 570 extemis
1147 470 1335 570 discernere.

388 620 487 710 Quod
513 625 547 686 in
575 619 764 686 effodiendis
792 617 915 704 templis
948 616 989 685 ad
1014 617 1261 704 investigandum
1289 640 1337 682 sa

387 739 533 812 crarium,
562 745 594 800 et
622 732 840 798 delineandam
861 730 970 818 templi
991 730 1136 809 formam,
1161 729 1245 794 haud
1266 752 1337 818 par-

387 1183 576 1262 monolitha‚
597 1181 682 1248 facili
702 1184 831 1268 negotio
856 1185 1034 1256 constituas.

452 1297 527 1364 Jam
553 1292 594 1358 ad
615 1293 812 1379 peristylium
833 1293 1020 1358 redeamus„
1057 1295 1095 1358 ln
1123 1314 1188 1378 quo
1218 1314 1257 1355 ex
1282 1289 1338 1354 illa

387 1407 502 1476 tortum
522 1429 634 1476 norma
655 1408 818 1492 conjicias,
840 1427 999 1491 nunquam
1022 1405 1074 1470 alii
1095 1402 1240 1468 aedificio
1264 1423 1339 1467 con·

386 1521 504 1605 liguum
532 1519 643 1596 fuisse,
658 1532 776 1604 'neque
804 1519 838 1584 id
860 1517 999 1596 licmsse,
1027 1517 1085 1582 sed
1105 1497 1339 1582 monumentum

387 1611 565 1716 separatum
587 1651 711 1714 semper
738 1625 897 1694 exstitisse.
944 1629 1085 1712 ¹Singulis
1109 1632 1176 1712 'ejus
1198 1625 1338 1712 partibus

388 1744 583 1807 examinatis.
601 1740 795 1826 intelligitur,
831 1762 913 1827 opus
946 1761 1013 1804 non
1032 1729 1226 1804 ‘absolutum
1253 1751 1337 1801 esse.

388 1852 615 1932 Columnarum
645 1853 782 1940 capitula
810 1831 885 1924 olim
913 1852 1039 1938 quidem
1067 1851 1220 1938 perlecta,
1255 1870 1340 1914 nune

384 1962 572 2050 plerumque
600 1974 692 2046 rupta
721 1977 752 2028 et
782 1965 884 2028 diruta
911 1963 1197 2036 sunt;‘infe1ioros
1226 1972 1341 2047 partes

352 2097 354 2104 ’
386 2093 455 2136 non
475 2075 541 2136 nisi'
557 2073 638 2134 saxis
666 2070 797 2160 rudibus
828 2081 1017 2156 exstructae,
1045 2068 1259 2147 stereobatae,
1288 2074 1339 2136 cui

206 3317 349 3374 recentiore

232 3398 320 3444 aetate

190 3469 365 3516 economum.

387 2179 554 2247 columnae
583 2190 656 2244 sunt
677 2182 850 2266 impositae,
873 2180 1054 2266 adspectum
1077 2178 1238 2266 praebent.
1288 2183 1340 2246 In-

386 2290 704 2379 teriores-peristylii
731 2295 867 2378 parietes
896 2295 1085 2358 ornamentis
1106 2296 1254 2379 notisque
1274 2295 1339 2360 hie-

384 2402 579 2491 roglyphicis
606 2406 754 2490 insigniti,
783 2405 844 2470 nec
871 2415 976 2469 tamen
1003 2416 1103 2470 totum
1131 2428 1213 2491 opus
1235 2407 1308 2492 perf
1325 2447 1339 2456 -

388 2526 472 2594 ctum
500 2527 555 2582 est.
607 2517 707 2603 Quod
735 2516 931 2594 occidentem
958 2527 1079 2604 spectat
1101 2499 1235 2584 aedificii
1256 2518 1337 2600 latus

386 2627 697 2716 planeyincomptum
718 2633 844 2706 manain
872 2653 934 2718 qua
961 2641 1051 2716 parte
1073 2643 1176 2697 autem
1197 2652 1265 2696 non
1287 2654 1337 2696 ex-

388 2751 471 2807 stant
498 2741 618 2810 tonnae
639 2737 908 2829 hieroglyplricad,
936 2742 1073 2809 leviores
1094 2742 1263 2830 figurarum
1285 2743 1339 2808 ad-

388 2851 617 2934 umbrationes,
651 2855 749 2942 lapidi
774 2858 901 2934 incisas,
935 2856 1109 2943 dignoscas.
1166 2858 1204 2922 In
1231 2855 1335 2921 medio

389 2965 538 3052 epistylio
561 2989 660 3053 super
678 2979 841 3056 utramque
864 2979 985 3054 portam
1007 2967 1120 3056 globus
1143 2967 1243 3033 alatus
1267 2989 1338 3054 spe-

389 3088 504 3156 ctatur,
530 3079 618 3166 quod
640 3082 673 3144 in
693 3091 834 3146 veterum
855 3083 1084 3168 Aegyptiorum
1106 3080 1255 3147 aedificiis
1277 3092 1338 3146 tra-

387 3188 521 3256 latitium
549 3202 777 3292 omamcntum'
794 3217 863 3259 esse
891 3194 1016 3276 videtur
1042 3197 1202 3280 portarum
1229 3193 1338 3258 lumini

388 3307 628 3390 suprapositum.
679 3305 880 3393 Peristylium
901 3310 1078 3373 recentiore
1101 3317 1216 3385 aetate,
1245 3327 1338 3392 quam
1371 3353 1376 3362 .

390 3435 453 3500 qua
473 3439 616 3502 magnum
636 3419 794 3511 templum,
817 3417 1014 3485 aedifreatum
1037 3441 1114 3496 esse,
1138 3441 1175 3484 ex
1198 3423 1265 3504 ejus
1280 3441 1338 3504 po-

389 3529 504 3592 sitione
525 3531 559 3593 in
578 3533 681 3598 insula
703 3544 841 3620 apparet,
855 3531 896 3616 id
918 3532 1005 3618 quod
1028 3527 1119 3598 etiam
1142 3554 1159 3597 e
1182 3542 1265 3598 statu
1284 3535 1338 3598 im-

390 3645 534 3733 perfecto
560 3646 762 3734 *manifestum
795 3656 848 3712 est
905 3644 958 3710 Ad
978 3667 1079 3732 ¹quam
1107 3666 1173 3710 rem
1201 3643 1337 3726 dilucide

391 3757 605 3843 explicandam
626 3761 658 3824 in
680 3762 813 3823 animmn
834 3755 1013 3822 revocanda
1035 3768 1114 3836 stunt,
1137 3779 1219 3844 quae
1240 3755 1337 3821 modo

391 3871 432 3938 de
452 3873 574 3939 insulae
596 3873 755 3960 positione
777 3874 809 3936 in
831 3871 927 3936 fluvio
950 3863 1134 3935 monuimus.
1186 3870 1257 3934 Jam
1279 3868 1335 3935 illo
