3002 4544
1060 334 1108 408 55

163 535 256 604 quam
276 513 386 578 harum
408 522 459 578 cst
476 509 612 578 studimn
635 521 667 576 et
688 513 825 578 anxietas
841 514 879 576 -in
902 509 1044 580 monadis
1066 507 1108 578 ab

161 625 219 692 illo
247 623 405 690 domicilio
432 626 613 711 peregrinis.
662 624 976 712 appropinquantem
1004 638 1117 709 quem-⁴

162 760 227 824 que
248 736 323 802 diris
346 738 503 822 excipirmt
526 746 558 802 et
579 734 745 802 horrendis
758 732 1043 824 imprecationibus,
1064 735 1110 800 in·

163 847 355 935 gredientem
375 868 488 934 magno
511 847 664 927 clamore,
692 851 756 914 imo
784 846 927 914 manibus
951 835 1128 932 repellere

159 971 325 1040 conantum,
343 959 559 1027 recedentem
574 963 722 1026 conviciis
738 959 839 1046 'longe
860 968 1045 1052 sectantur.-
1071 957 1109 1024 In

162 1085 251 1160 parte
273 1073 381 1160 templi
404 1071 592 1140 occidentali
612 1075 693 1142 hanc
713 1059 947 1160 inscriptionem
961 1069 1109 1150 mutilare,
1145 1129 1148 1138 .

162 1186 312 1274 epistylio
336 1188 525 1273 appositam,
547 1185 693 1254 vidimus:
764 1241 769 1246 .

259 1379 292 1391 -
312 1325 427 1403 rarrm
445 1351 603 1404 unomen
621 1377 656 1390 -
677 1353 702 1427 rr
722 1381 754 1392 -
774 1326 956 1400 oroasrrsr
976 1377 1008 1390 -

161 1494 297 1560 Primum
323 1494 515 1560 vocabulum
542 1495 639 1560 finem
669 1517 738 1559 esse
760 1506 891 1582 apparet
910 1494 1044 1558 nominis
1066 1489 1111 1554 fe

161 1607 269 1672 minini
288 1616 323 1670 et
344 1607 481 1672 Romani
504 1605 638 1693 quidem,
660 1615 696 1670 ut
716 1606 882 1693 Propertio
902 1583 1110 1671 velMamer-

162 1720 220 1794 tia;
248 1717 306 1783 sed
333 1718 366 1782 in
394 1719 456 1782 hoc
483 1740 550 1783 non
578 1707 774 1792 haereamus3
808 1719 934 1804 majoris
961 1715 1112 1804 momenti

162 1828 287 1894 videtur
307 1827 439 1892 verbum
461 1830 609 1908 artoinus,
640 1829 728 1914 quod
755 1831 854 1892 rarius
879 1803 911 1894 ln
933 1807 1111 1912 hujusmodi

158 1937 414 2005 ‚dedicationibus
436 1937 558 2025 legitur.
608 1937 776 2024 Reliquam
804 1939 1013 2024 inscriptionis
1040 1957 1111 2022 par-

163 2060 225 2114 tem
246 2035 290 2114 ita
312 2048 507 2141 supplemus:
551 2061 614 2123 rrrr
632 2037 872 2152 'sarcasmum
895 2085 939 2095 —
961 2046 1110 2122 articulus

1163 520 1239 580 Pars
1257 521 1275 578 l.

1173 1505 1270 1560 Venere*

1156 1577 1285 1630 dicatum.

162 2172 288 2249 praeter
311 2159 570 2226 consuetudinem
591 2165 722 2249 positus,
746 2185 770 2224 ω
794 2172 826 2227 et
848 2183 875 2226 es
890 2162 1047 2226 neminem
1063 2157 1111 2222 of·
1188 2151 1190 2154 ’

162 2273 302 2340 landent
352 2273 477 2338 Literae
505 2285 671 2360 praeterea
699 2296 807 2372 magna
831 2295 901 2337 cum
918 2275 1042 2338 incuria
1065 2269 1111 2334 la-

160 2375 228 2472 pidi
249 2396 323 2450 sunt
344 2387 533 2472 inscriptae..
570 2385 605 2450 si
632 2384 764 2450 verbum
786 2387 918 2464 ἐποίησε
940 2383 981 2452 ad
1003 2380 1112 2469 templi

164 2498 429 2568 construcu'onem
449 2496 620 2561 referretur
632 2495 682 2580 il),
711 2499 789 2564 haec
810 2500 971 2584 inscriptio
993 2516 1112 2560 novum
1213 2579 1216 2584 ι

165 2619 377 2697 argumentum
405 2608 621 2697 suppeditaret
649 2612 805 2696 opinioni,
817 2623 820 2632 ¹
834 2630 916 2694 quae
936 2627 1045 2694 nuper
1065 2608 1112 2670 in-

163 2721 270 2800 valuit,
292 2723 469 2786 recentiore
492 2731 634 2808 tempore
650 2721 847 2787 Graecorum
861 2722 931 2786 Diis
953 2723 986 2785 in
1001 2696 1112 2804 ¹Aegy-

81 2863 84 2868 ·
164 2842 220 2918 pto
236 2833 352 2919 templa
367 2843 521 2898 exstructa
537 2815 615 2898 esse.
652 2834 770 2898 Melius
786 2843 888 2900 autem
909 2831 949 2897 ad
971 2831 1112 2909 ἐποίησε,

164 2935 260 3030 εὐχήν
296 2944 350 3010 vel
385 2939 596 3034 separatimque
625 2949 808 3013 assumitur.
873 2946 1111 3031 Inscriptionem

164 3056 373 3143 negligentius
408 3070 576 3136 exaratam,
613 3055 688 3123 loco
726 3061 826 3123 minus
861 3069 935 3144 apto
968 3059 1117 3142 positam}

164 3170 328 3248 Romanae
349 3170 487 3238 mulieris
508 3181 617 3236 votum
640 3193 709 3236 esse
732 3191 902 3235 censemus.
940 3164 1112 3254 Ipsaaedi-

164 3278 229 3344 ficii
253 3280 405 3367 elegantia
427 3282 523 3370 longe
547 3282 703 3370 discrepat
726 3307 743 3349 a
765 3271 846 3348 tituli
867 3260 1026 3345 tenuitate.
1092 3359 1096 3364 1

229 3394 307 3459 Non
335 3397 408 3458 satis
437 3407 629 3482 compertum
657 3392 822 3471 habemuS,
849 3413 924 3456 num
952 3389 1109 3468 sacellum,

164 3503 262 3572 modo
284 3519 500 3598 memoratum,
529 3507 612 3572 idem
641 3511 680 3573 sit
706 3528 776 3570 cum
799 3526 853 3584 eo,
883 3507 932 3567 cui
952 3501 1109 3567 Banlrsius

144 3619 399 3705 inscriptionem
420 3618 594 3685 Ptolemaei
616 3595 779 3708 Evcrgetis
801 3618 840 3681 ll.
864 3615 990 3704 tribuit.¹
1017 3615 1110 3678 Exhi-
1209 3601 1211 3608 ¹

201 3881 225 3951 ⁰)
243 3859 376 3940 [strenue
393 3880 410 3939 l
429 3880 447 3939 l.
464 3901 490 3960 p.
509 3885 561 3938 422
579 3901 636 3957 sqq.
666 3853 670 3862 Ι
