3002 4544
398 282 447 356 50

228 474 303 531 Pras
322 471 341 528 t.
399 457 509 522 sicimrt
531 451 792 544 udmbretiones,
814 473 919 518 murus
943 463 990 520 est
1010 453 1180 542 laevigatio
1203 489 1246 504 --
1268 451 1348 520 inira

272 543 280 558 ι
400 579 502 634 autem
524 570 604 632 sexis
626 565 756 632 rudibus
779 575 961 634 exstructus.

460 658 615 765 Quinque
636 681 729 765 igitur
750 677 893 744 diversos
915 676 1044 743 labores
1065 679 1098 742 in
1121 677 1235 744 eodem
1256 700 1347 744 muro

398 790 490 856 simttl
518 813 582 856 una
608 792 752 876 inceptos
778 790 881 869 vides,
908 811 1014 878 neque
1037 788 1165 856 dubium
1188 799 1249 870 e'st,
1278 813 1348 856 eum

398 885 435 968 in'
458 905 615 989 Aegypto,
640 914 749 968 vetere
783 902 928 990 populus·
957 905 1121 969 universus
1147 905 1181 968 in
1210 903 1348 992 singulas

398 1013 497 1080 tribus
526 1025 705 1100 segregatus
732 1014 840 1095 fuerit,
870 1018 946 1102 quin
975 1018 1066 1080 etiam
1093 1014 1234 1102 singulae
1257 1013 1349 1101 opifi-

398 1149 468 1190 cmn
490 1124 588 1190 tribus
610 1147 668 1190 sua
690 1148 837 1213 quaeque
858 1130 985 1214 negotia
1008 1126 1171 1193 obierint

463 1235 565 1322 Supra
593 1237 728 1323 portam'
749 1243 929 1325 oppositam
958 1238 1020 1320 (k)
1054 1237 1162 1304 tabula
1196 1235 1348 1325 quadrata

338 1434 346 1462 2
399 1351 605 1435 conspicitur,
634 1349 797 1416 coloribus
824 1350 929 1416 nitidis
957 1350 1180 1436 resplendens;
1213 1350 1349 1416 libenter

398 1464 714 1548 praetermitteremus
749 1466 781 1527 in
816 1473 903 1556 tepta
937 1460 1114 1528 tabularum
1148 1465 1256 1548 copia,
1289 1463 1350 1526 nisi

399 1576 582 1658 opinionem
603 1576 705 1638 minus
726 1585 859 1655 rectam,
881 1587 917 1641 ut
938 1574 1071 1654 videtur,
1094 1573 1135 1639 de
1156 1573 1279 1640 insulae
1300 1595 1350 1638 se·

398 1685 457 1748 cris
478 1693 523 1758 ,et
552 1683 687 1749 Osiridis
722 1685 811 1750 cultu
840 1688 1012 1752 excitasset.
1068 1685 1105 1749 lu
1131 1688 1194 1750 ima
1222 1683 1350 1749 tabulae

396 1805 503 1882 parte,
528 1786 624 1882 supra
644 1799 757 1884 januae
780 1796 901 1878 lunen,
924 1817 1040 1893 corpus
1063 1796 1203 1862 deirmcti
1225 1781 1351 1884 expres·
1482 1835 1483 1900 t

396 1929 465 1974 smn
487 1919 548 1986 est,
577 1908 714 1976 fascibus
741 1911 918 1980 involutum
948 1913 1081 1992 (numia
1101 1929 1187 1976 nunc
1208 1907 1373 1989 diciuu),·

396 2022 429 2084 in
452 2019 607 2083 crocodili
629 2019 726 2084 dorso
748 2025 930 2104 resupinum
945 2023 1060 2102 jacens.
1098 2020 1207 2082 Nilum
1220 2021 1351 2086 fluvium

396 2127 558 2194 nonnullis
588 2126 765 2212 plantarum.
793 2131 1005 2218 aquaticarum
1033 2126 1188 2213 stipitibus
1218 2126 1351 2194 mulcari

397 2259 569 2304 censemus.
592 2237 710 2302 Lacum
721 2259 852 2326 quoque
863 2239 1115 2319 Acherunticum,
1127 2239 1279 2306 arundine
1291 2238 1350 2306 ob

396 2353 498 2430 situm,
518 2371 650 2416 cernere
664 2335 709 2414 se*
724 2350 839 2430 credat,
864 2353 919 2438 qui
940 2349 1077 2417 tabulam
1093 2351 1237 2420 Graecae
1258 2356 1350 2442 origi-

396 2465 445 2528 nis
460 2485 550 2552 xesse⁸
575 2464 727 2530 existimet
748 2461 793 2546 *).
850 2465 889 2530 In
916 2474 1007 2550 parte
1036 2449 1203 2551 superiore‘
1226 2464 1348 2553 figurae

398 2597 507 2642 omnes
536 2575 605 2640 fere
634 2575 759 2642 deletae
787 2586 874 2652 sunt3
902 2574 1041 2642 sedentis
1062 2555 1264 2676 lineamenta,
1290 2582 1350 2644 cir-

397 2688 471 2754 culo
493 2687 630 2802 incluse,
653 2709 746 2774 aegre
769 2698 1018 2774 cognoscuntur3
1040 2712 1189 2756 summam
1210 2689 1349 2756 tabulam

398 2811 508 2866 tenent
527 2760 756 2886 duodeviginti
785 2799 897 2864 stellae
924 2803 1007 2866 inter
1032 2802 1142 2868 Solem
1170 2813 1202 2868 et
1227 2803 1348 2870 Lunam

214 2934 308 2978 temen
325 2922 363 2975 ad
397 2932 461 2976 una
482 2913 564 2976 serie
587 2910 768 2997 dispositae.
806 2910 1001 2991 'febrilem'
990 2935 1025 2978 m
1046 2936 1160 3002 magno
1176 2914 1349 3000 expeditio

231 2993 347 3117 ml:
397 3024 446 3088 nis
461 3020 606 3088 Gallicae
629 3041 728 3110 opere
750 3025 812 3108 jem
828 3045 1015 3111 expressam,
1039 3048 1076 3092 er
1092 3026 1217 3092 schedis
1230 3029 1347 3094 nostris

111 3115 135 3166 0
238 3137 335 3189 relata
395 3161 599 3202 ..........·,

431 3285 455 3351 ‘)
474 3283 636 3342 llimbuntur
651 3281 762 3342 fortasse
777 3283 906 3355 nonnulli,
924 3284 996 3364 quod
1012 3283 1046 3342 de
1062 3285 1105 3344 bis
1121 3285 1260 3365 sculpturis
1276 3295 1349 3346 bnis

468 3371 595 3430 dubitatio
618 3391 679 3428 esse
700 3375 801 3450 possit;
820 3373 871 3450 sed
892 3372 930 3430 illi
952 3382 1075 3450 reputent
1090 3393 1193 3443 seeum,
1215 3393 1293 3450 quam
1309 3375 1348 3430 in·

468 3460 616 3514 certarint
636 3470 785 3534 arguments
806 3470 834 3516 et
850 3458 957 3528 indicia,
981 3459 1107 3536 equibus
1124 3459 1158 3516 de
1174 3459 1348 3539 Aegyptiaco-

468 3563 526 3600 rum
548 3556 775 3603 monumentorum
798 3557 883 3604 aetate
901 3557 929 3604 et
945 3545 1033 3602 indole
1049 3545 1158 3620 judicari
1175 3549 1275 3626 possit3
1298 3566 1348 3604 nee

467 3627 542 3686 lacile
564 3633 592 3690 io
613 3635 671 3717 ipsa
688 3633 847 3710 templorum
863 3633 1034 3690 architectura
1052 3641 1097 3689 aut
1113 3632 1266 3692 incunabula
1283 3633 1348 3690 artis

428 3759 431 3766 .
456 3725 511 3773 mut
528 3737 684 3796 progressus
701 3719 845 3796 dignosces.
873 3781 882 3800 ο
