3002 4544
382 287 454 362 106

204 472 279 544 pm
297 485 328 544 11,
446 466 542 532 Anno
571 469 658 533 1813
685 471 788 534 viator
821 469 929 557 Legh
944 467 992 554 ¹⁴¹‘)
1020 470 1141 558 Anglus
1174 469 1333 536 Philarum

380 578 502 645 incolas
532 578 700 647 admodum
732 581 906 647 bellicosos
933 583 1046 663 refert,
1081 582 1271 671 pugionibus
1301 593 1334 648 et

381 692 477 756 hastis
502 703 636 758 armatos
659 694 847 774 sevidisse,
877 717 1050 783 eorumque
1071 694 1180 760 laudat
1202 695 1335 760 dexteri-

381 815 492 882 tatem,
516 827 591 891 qua,
615 807 709 870 scutis
731 806 909 894 ingentibus
933 808 1059 887 obtecti,
1081 809 1216 874 hostium
1238 810 1335 894 impe-

381 928 446 982 tum
469 916 562 992 facile
585 921 795 985 susfiuuerint.
847 921 964 985 Postea
991 919 1165 985 incolarum
1186 941 1335 984 numerus

380 1029 512 1094 multum
533 1031 710 1096 imminutus
733 1035 835 1098 estin
857 1032 951 1098 bellis
966 1033 1156 1098 Mohametis
1171 1031 1237 1117 aly
1259 1048 1335 1096 con-

381 1153 429 1206 tra
457 1141 667 1207 ferocissimos
696 1142 835 1232 'Aegypti
865 1167 1086 1232 oppressores,
1122 1143 1335 1222 Mamluccos,

382 1265 414 1318 et
443 1257 620 1318 remotioris
647 1256 836 1342 Aethiopiae
858 1255 989 1321 Schindi
1017 1267 1049 1321 et
1070 1256 1213 1320 Sennaar
1234 1275 1333 1342 reges.

380 1365 546 1432 Philenses
569 1369 665 1446 enim,
688 1372 805 1455 quippe
829 1379 1001 1434 cataractae
1024 1370 1214 1456 peritissimi,
1237 1391 1256 1432 a
1276 1367 1336 1432 Pa·
1412 1373 1417 1384 '

382 1480 495 1544 schatis
517 1477 602 1558 filio,
624 1477 791 1561 Ibrahimo,
814 1503 877 1546 uua
900 1504 970 1546 cum
993 1481 1138 1547 omnibus
1162 1489 1335 1544 cataractae

381 1591 512 1670 accolis,
545 1592 585 1657 ad
607 1593 737 1659 classem
759 1617 818 1681 per
839 1594 990 1681 scopulos
1012 1589 1261 1660 transferendam
1289 1611 1336 1654 ar-

381 1707 485 1770 cessiti
513 1715 593 1770 sunt.
639 1707 705 1792 Qui
732 1709 851 1794 jussum
874 1704 1108 1785 obtrectabant,
1140 1729 1159 1770 a
1186 1701 1335 1768 militibus

379 1821 492 1904 partim
514 1817 667 1899 trucidati,
690 1823 802 1906 partim
825 1819 971 1886 domibus
988 1821 1082 1906 ejecti
1098 1827 1185 1893 stmt3
1209 1817 1263 1903 qui
1279 1811 1336 1879 ob-

381 1929 606 2017 temperabant,
628 1932 761 1998 navibus
778 1933 817 1997 ad
834 1933 1004 1998 secundam
1021 1941 1205 1996 cataractam
1219 1924 1337 1991 Wadi-

380 2041 564 2102 Halle'nsem
593 2042 735 2117 deducti,
769 2043 814 2102 ibi
842 2053 976 2124 propter
1003 2039 1171 2121 navigandi
1198 2041 1231 2099 in
1259 2037 1334 2098 loco

380 2151 551 2212 remotiore
572 2150 724 2212 inscitiam
747 2151 908 2226 maximam
930 2157 1051 2233 partem
1073 2169 1137 2210 una
1160 2167 1230 2210 cum
1250 2147 1337 2210 navi-

380 2259 441 2324 bus
463 2261 641 2347 perierunt,
662 2257 804 2346 reliquos
826 2258 905 2325 belli
926 2261 1054 2324 fortuna
1078 2256 1221 2343 abripuit.
1267 2257 1337 2322 No-

379 2371 444 2448 bis,
472 2370 607 2435 insulam
634 2371 831 2436 visitantibus
854 2393 939 2438 anno
960 2369 1244 2447 MDCCCXXlll,
1271 2379 1336 2435 tres

382 2504 460 2550 auus
484 2481 610 2546 obviam
631 2493 795 2561 venerunt,
818 2483 907 2548 solae
929 2487 1012 2546 inter
1032 2479 1252 2566 magnitudinis
1273 2481 1336 2545 Ae-

382 2598 547 2684 gyptiacae
569 2593 685 2659 rudera
706 2593 845 2659 relictae.
1110 2645 1117 2658 i

462 2709 612 2794 Aegypto
648 2706 838 2796 Mohametis
867 2707 964 2792 patris
994 2703 1160 2770 clementia
1188 2714 1221 2769 et
1248 2703 1335 2768 forti-

382 2820 490 2888 tudine
513 2829 632 2913 papata,
656 2828 688 2882 et
702 2817 809 2882 Nubia
830 2816 977 2882 lbrabimi
998 2815 1058 2882 filii
1079 2820 1194 2882 virtute
1216 2817 1259 2880 ita
1281 2813 1335 2879 de·

381 2931 510 3009 bellata,
532 2941 567 2995 ut
588 2928 747 2994 latronum
768 2929 874 2994 nullus
896 2939 997 2995 metus
1021 2940 1112 3008 essct,
1133 2927 1243 2993 Philae
1257 2923 1335 2992 mul-

382 3049 421 3112 tis
449 3040 622 3109 viatoribus
650 3064 728 3128 prae
759 3045 870 3108 ceteris
892 3041 960 3107 Nili
981 3040 1113 3107 urbibus
1142 3049 1247 3127 gratae
1268 3037 1335 3104 fuc-

381 3169 468 3237 nmt,
496 3164 629 3244 propter
649 3153 866 3220 incredibilem
888 3157 1207 3221 situsamoenitatem
1230 3161 1262 3216 et
1285 3171 1335 3215 ex·

382 3263 521 3350 peditam
555 3269 772 3352 antiquitatum
807 3270 944 3353 copiam;
982 3266 1040 3331 sed
1073 3263 1335 3354 peregrinantium

383 3375 562 3463 frequentia
603 3379 720 3464 factum
766 3390 827 3456 est,
871 3390 907 3444 ut
942 3378 1097 3480 perprulta
1134 3383 1336 3472 monumenta

318 3535 320 3551 ι
385 3486 489 3554 ablata
514 3492 591 3556 sint:
628 3493 723 3558 Anno
746 3489 1019 3558 MDCCCXVIII
1040 3489 1213 3556 Belzonius
1235 3483 1338 3552 obeli-

384 3621 479 3679 scum,
501 3612 574 3667 ante
589 3623 733 3690 magnrmr
747 3602 896 3692 templum
913 3581 1113 3683 collocatum,
1132 3601 1340 3689 inscriptione

384 3755 586 3774 ——n—n-

419 3843 447 3916 41)
469 3841 543 3920 Legb
561 3843 670 3904 Travels
687 3847 715 3904 iu
731 3846 826 3926 Egypt
845 3845 897 3904 aod
913 3843 1008 3915 Nubis,
1025 3863 1084 3930 pag.
1102 3847 1144 3902 51.
1162 3873 1165 3876 ·
