3002 4544
1020 342 1027 358 ·’
1065 325 1110 401 11

163 502 220 564 cim
256 498 375 564 dierum
409 503 564 586 navigatio
601 499 844 586 expeditissima,
879 515 910 567 et
937 501 1016 568 inira
1044 513 1112 574 tota

162 614 327 699 Aegyptus
348 611 480 679 navibus
503 623 598 698 patet,
623 649 663 664 -·
686 635 791 704 murus
814 617 907 701 igitur
926 637 993 681 non
1009 615 1113 683 solum

163 725 203 790 ad
236 724 372 791 tuendos
407 729 610 804 mercatores,
645 726 702 791 sed
730 730 821 792 etiam
851 725 892 792 ad
919 730 1016 794 instar
1041 731 1113 794 viae

162 841 297 902 munitae
321 848 493 903 exstructus
523 861 592 903 esse
605 837 771 918 uideatur,
800 861 862 926 qua
890 861 1002 926 magno
1025 838 1114 926 pedi-

162 961 226 1015 tum
246 972 378 1016 numero
404 960 530 1035 praeter
551 949 687 1016 camelos
718 961 750 1018 et
778 956 883 1018 asinos
911 973 1030 1018 merces
1059 951 1116 1018 ad·

162 1067 365 1149 portantimn,
394 1085 453 1148 per
475 1084 599 1127 arenam
622 1063 746 1129 facilior
767 1077 850 1131 esset
871 1051 1026 1130 transitus.
1078 1065 1116 1130 Si'

162 1179 231 1262 quis
254 1176 347 1240 talem
369 1178 450 1240 viam
463 1179 611 1242 munitam
631 1176 721 1242 nullo
740 1175 894 1242 alioloco
910 1179 1044 1264 reperiri
1054 1199 1114 1242 no-

160 1287 209 1353 bis
233 1288 374 1376 objiciat,
402 1291 587 1367 meminerit,
616 1290 706 1355 nullo
729 1289 792 1354 alio
808 1288 891 1354 'loco
913 1289 1021 1354 Nilum
1043 1311 1114 1354 sco-

162 1401 243 1488 pulis
267 1401 460 1468 obstructum
484 1424 561 1486 esse,
583 1401 657 1464 inde
682 1393 925 1466 aWadi-Halfa
948 1400 1007 1466 sub
1029 1405 1113 1486 vige-

163 1516 241 1578 simo
262 1517 364 1599 primo
387 1512 556 1576 latitudinis
578 1511 716 1576 borealis
739 1509 858 1597 gradu,
879 1501 981 1598 usqne
1004 1510 1044 1576 ad
1066 1533 1114 1577 se-

162 1625 248 1712 ptem
270 1627 350 1691 ostia
373 1622 431 1688 sub
455 1626 610 1688 tricesimo
637 1625 747 1708 primo.
950 1609 953 1614 ¹
1011 1635 1015 1642 ’
1082 1701 1085 1709 ¹

228 1739 315 1802 Inter
349 1748 469 1802 ceteras
498 1744 671 1799 cataractae
697 1735 814 1798 insulas
841 1736 950 1800 Philae
987 1739 1112 1802 minimo

163 1861 236 1914 sunt
258 1850 396 1923 circuitu,
419 1867 514 1929 quum
537 1849 602 1908 400
624 1855 743 1907 tantum
763 1845 866 1928 pedes
878 1847 1008 1928 gallicos
1031 1847 1113 1934 latae

164 1963 233 2035 sint,
256 1980 292 2021 ac
313 1955 510 2041 longitudine
534 1957 622 2017 1000
643 1957 694 2017 vix
717 1937 878 2019 excedant.
914 1958 952 2020 In
973 1958 1036 2021 hoc
1053 1967 1114 2022 tam

165 2073 275 2155 exiguo
303 2067 377 2131 loco
408 2075 528 2130 exstant
556 2065 651 2128 hodie
680 2064 852 2149 compluria
874 2067 1005 2152 templa,
1034 2073 1115 2153 peri-

163 2181 265 2267 stylia,
288 2181 441 2265 porticus;
466 2177 678 2242 columnarum
699 2165 876 2256 numerum,
900 2182 958 2249 etsi
979 2179 1115 2245 nonnul-

163 2294 214 2358 lae
240 2295 302 2378 jam
331 2290 486 2376 dejectae,
517 2301 610 2375 atquc
635 2271 734 2354 ruinis
765 2291 925 2378 collapsae
954 2305 1040 2373 sunt,
1073 2293 1115 2358 ad

164 2415 287 2470 centum
315 2405 494 2488 reperimus.
546 2403 594 2466 Ex
624 2385 718 2487 omni·
736 2414 825 2488 parte
853 2425 958 2470 murus
988 2409 1115 2470 circum-

1167 511 1243 570 Pano
1260 511 1285 570 la

1154 1751 1298 1806 Philarum

1163 1823 1287 1876 anelitus.

163 2521 262 2601 iectus
293 2527 354 2593 est,
382 2516 470 2601 cujus
497 2513 629 2579 altitudo
652 2517 751 2578 variat
772 2517 854 2580 inter
875 2519 919 2582 20
941 2529 973 2583 et
994 2519 1037 2582 25
1060 2542 1115 2604 pe·
1222 2589 1233 2611 Ιχ

165 2627 236 2703 des;
258 2627 336 2710 Nilo
360 2625 399 2692 ad
423 2649 569 2692 summam
594 2649 744 2711 aquarum
767 2631 888 2712 copiam
912 2640 1019 2708 aucto,
1048 2649 1115 2694 non

165 2741 236 2827 plus
266 2741 301 2818 4,
330 2741 391 2804 live
420 2739 525 2825 pedes
548 2760 642 2826 snper
670 2740 798 2803 fluvium
826 2744 994 2826 prominet:
1023 2741 1114 2806 nnllo

165 2852 261 2918 modo
296 2863 397 2916 autem
430 2851 500 2916 fieri
534 2841 653 2935 potest,
686 2863 722 2915 ut
754 2855 877 2916 minima
911 2876 983 2940 pars
1012 2859 1115 2919 terrae

164 2965 256 3031 muro
279 2965 405 3042 cinctae,
429 2986 510 3049 aqua
533 2973 661 3048 tegatur.
707 2963 758 3028 Ad
779 2967 871 3030 imam
893 2969 972 3029 muri
994 2977 1115 3053 partem

165 3073 253 3143 tanto
275 3081 424 3162 temporis
447 3079 563 3162 spatio,
591 3076 734 3140 nonnihil
760 3077 858 3155 humi,
888 3077 1036 3143 adluente
1059 3079 1116 3142 flu-¹

166 3193 218 3254 vio
243 3199 429 3274 congestum
459 3200 519 3264 est,
550 3186 638 3273 quod
665 3188 786 3252 insulae
808 3189 890 3254 fines
914 3211 1117 3275 quoquover-

167 3324 233 3366 sum
266 3302 340 3365 facit
368 3300 548 3384 ampliores,
582 3290 662 3386 plus'
683 3311 786 3365 tamen
815 3300 901 3366 addit
929 3291 1116 3386 longitudini

167 3436 259 3499 qnam
287 3412 449 3477 latitudini.
500 3397 627 3477 Murum
655 3415 747 3477 variis
776 3410 980 3498 temporibus
999 3423 1116 3477 exstru-
1170 3403 1189 3426 ‘¹

148 3536 248 3589 ctum
270 3525 374 3602 fuisse,
401 3525 540 3610 dispares
562 3527 643 3588 inter
665 3547 699 3588 se
723 3527 828 3608 operis
851 3524 979 3616 torneae,
998 3523 1117 3588 'diversi

58 3621 69 3642 ⁰
167 3635 359 3722 ‘singulorum
386 3636 532 3722 lapidum
567 3636 707 3714 ordines,
743 3629 919 3721 eorumque
950 3646 1047 3700 status
1081 3647 1116 3700 ut

166 3770 250 3813 nunc
279 3759 339 3824 est,
374 3760 512 3831 arguunt.
571 3750 798 3834 Nonnunquam
828 3771 931 3813 murus
959 3747 1115 3834 lapidibus

168 3843 325 3945 quadratis
350 3871 531 3935 exstructus,
554 3861 684 3945 angulos
705 3864 873 3926 introrsum
889 3871 997 3926 acutos
1012 3859 1116 3935 habet,

169 3976 252 4036 omni
267 3975 445 4054 symmetria
460 3971 616 4054 neglecta,
640 3973 744 4037 multis
761 3971 840 4036 locis
856 3970 1023 4056 collapsus,
1040 3970 1117 4034 mul-
1224 4046 1228 4053 Α
