3002 4544
1065 335 1112 409 19

164 511 319 599 leguntur,
340 531 443 597 nuper
463 511 497 574 in
517 507 653 574 medium
675 503 818 595 prolatae
839 531 859 574 a
879 509 1056 590 nonnullis,
1078 523 1113 577 ut
1168 521 1244 581 Pars
1261 523 1282 581 l.
1331 591 1333 595 ,

163 623 350 712 probarent,
378 621 469 709 quod
498 621 551 686 diu
577 625 611 686 in
624 668 627 676 »
640 621 804 686 discrimen
831 631 977 686 vocatum
994 621 1112 706 barat:

164 736 312 823 pyloncs,
333 734 386 800 rel
409 747 493 800 certe
515 737 602 820 signa
616 733 861 820 hieroglyphice,
884 733 997 820 quibus
1019 734 1113 799 deco-

164 857 285 926 rantur,
318 847 572 913 Ptolemaeorum
599 867 697 932 regno
727 846 933 913 adscribenda
962 869 1031 912 esse
1059 847 1113 912 vel

164 963 299 1046 tempori
326 962 502 1026 recentiori.
554 959 657 1045 Quam
686 981 751 1024 rem
780 961 952 1024 accuratius
979 981 1115 1046 perpen-

165 1071 242 1138 dere
270 1071 310 1138 ah
340 1073 402 1137 hoc
436 1071 511 1137 loco
545 1094 613 1138 non
650 1072 785 1136 alienum
813 1071 946 1137 videtur.
981 1073 1113 1159 ¹Prope

164 1195 287 1272 portam
309 1184 399 1248 Isidis
421 1183 522 1271 figura
543 1188 639 1250 incisa
663 1195 722 1264 ost,
753 1187 839 1271 cujus
863 1196 998 1252 extrema
1019 1184 1116 1249 linea-

165 1307 277 1375 menta,
289 1299 411 1362 circiter
417 1297 543 1383 digitum
553 1297 719 1384 proitmda,
731 1319 789 1383 per
798 1300 1017 1384 inscriptiones
1029 1318 1116 1383 grae-

167 1425 219 1474 cas
247 1421 462 1474 transcurrunt
483 1408 532 1492 *),
564 1433 640 1494 quas
663 1410 867 1488 Letronnius,
889 1431 978 1494 quae
1006 1429 1117 1492 magna

168 1517 235 1606 ejus
263 1523 412 1604 sagacitas
443 1530 504 1597 est,
531 1523 665 1583 restitnit
687 1530 719 1582 et
733 1519 920 1602 explicarit,
947 1540 1117 1604 earumque

167 1642 299 1696 aetatem
329 1627 369 1694 ad
398 1644 499 1696 annos
528 1633 591 1695 107
606 1631 701 1694 -64
732 1653 758 1693 a.
784 1629 842 1695 Ch.
862 1651 895 1693 n.
924 1629 1031 1695 retulit
1050 1627 1116 1711 un),

166 1743 313 1828 Figuram
357 1741 474 1808 leviter
517 1741 728 1806 consideranti
769 1741 847 1805 nihil
891 1745 1004 1806 certius
1048 1763 1118 1807 esse

166 1853 308 1929 ridetur,-
340 1873 432 1934 quam
464 1854 699 1934 inscriptionem
731 1854 934 1914 vetustiorem
960 1873 1031 1914 esse
1063 1850 1119 1915 illa

166 1963 277 2048 figtrra,
299 1961 447 2044 imprimis
470 1981 539 2022 cum
561 1960 672 2022 literae
694 1981 824 2045 graecae
848 1969 997 2026 corrosae
1020 1972 1052 2026 et
1065 1984 1120 2026 ve-

145 2083 281 2139 tustate
303 2091 405 2158 paene
428 2069 561 2149 deletae,
582 2070 672 2135 lsidi's
695 2082 799 2136 autem
820 2069 1119 2159 lineacacutissime

169 2188 231 2252 sint
251 2187 377 2248 incisae.
684 2263 685 2266 Ἴ

232 2293 444 2364 Nihilominus
472 2293 563 2360 aliam
591 2316 721 2382 quoque
748 2298 830 2360 viam
857 2299 1000 2362 invenire
1027 2295 1120 2374 facile
1197 2289 1201 2300 ¹

169 2421 225 2490 est,
249 2423 384 2496 quares
404 2419 518 2473 notatu
540 2407 716 2494 dignissima
737 2407 869 2472 mehore
885 2412 1008 2481 ratione
1024 2408 1121 2494 expli-

170 2533 265 2588 cetur.
318 2499 457 2604 Aegypti
483 2531 684 2584 monumenta
712 2507 953 2604 perlustrantem
981 2541 1049 2585 non
1074 2521 1122 2584 fu-

170 2638 247 2721 giet,
275 2635 309 2698 in
335 2629 439 2694 multis
468 2629 547 2695 locis
569 2631 758 2717 templorum
779 2633 914 2716 parietes
937 2643 1035 2697 strato
1056 2631 1122 2696 limi

172 2743 329 2810 obductos
359 2763 442 2822 esse,
470 2744 524 2827 qui
551 2747 662 2829 partim
690 2742 822 2828 glutine,
851 2742 939 2828 quod
967 2747 1120 2823 continet,

170 2859 282 2944 partim
316 2856 409 2918 nimia
444 2857 525 2918 aeris
559 2858 734 2942 aegyptiaci
766 2837 918 2934 siccitate,
953 2855 1121 2921 admodum

170 2967 342 3044 induratus,
364 2968 475 3052 parieti
497 2978 640 3032 accurate
663 2967 820 3046 adhaeret,
843 2977 878 3032 et·
896 2971 1025 3033 omnino
1047 2991 1123 3034 eun·

173 3079 337 3145 demeum
362 3077 469 3164 lapide
492 3079 625 3144 calcario
650 3078 791 3144 colorem
812 3079 916 3144 hahet.
961 3079 1124 3144 Lithocol-

171 3191 224 3256 lae
251 3193 380 3255 nomine
405 3193 694 3284 nectemuncupari
714 3201 829 3277 potest.
880 3193 1003 3278 Ingenti
1030 3193 1123 3277 copia

172 3302 338 3370 moenibus
362 3303 558 3390 'applicatam
590 3302 722 3368 vidimus
754 3306 791 3368 in-
820 3302 939 3389 templo
967 3301 1123 3369 Nuhiensi

174 3415 215 3480 ad
237 3415 382 3493 Sebuam,
404 3426 470 3479 tum
493 3436 622 3502 quoque
645 3413 763 3480 Thebis
787 3414 828 3480 ad
848 3435 961 3570 pgagun
982 3415 1121 3494 Kamai,

209 3622 233 3694 ')
251 3621 345 3679 Dicor.
365 3617 398 3677 de
415 3618 479 3696 l'Eg.
497 3618 604 3697 Antiqu.
621 3619 659 3678 Pl.
677 3619 711 3688 V,
729 3623 772 3676 55.

208 3709 244 3781 “·)
265 3707 431 3766 Recherches
454 3727 522 3785 pour
544 3709 627 3764 servir
644 3710 659 3762 a
675 3705 800 3763 l'histoire
819 3705 852 3762 de
868 3705 1002 3784 l’Egypte,
1024 3725 1050 3784 p.
1070 3705 1122 3760 145

208 3857 211 3864 ,
244 3813 302 3872 sqq.
325 3824 358 3834 -
381 3792 567 3872 Apographum
589 3813 622 3850 ex
644 3792 748 3868 schedis
770 3797 867 3850 nostris
890 3791 1073 3872 depromptum
1095 3793 1123 3848 in

244 3881 297 3938 tab.
314 3879 345 3937 ll.
363 3879 445 3938 forma
463 3884 487 3937 5.
506 3882 763 3958 repraesentavimus.
