3002 4544
1045 265 1093 350 47

141 447 278 508 incertos
308 443 388 508 aliae
417 439 543 510 obstant
570 442 677 509 scalae
704 440 813 508 eadem
843 441 1015 532 directione
1044 466 1093 524 ao-
1148 453 1260 528 Pausi.
1316 531 1317 536 ἵ

143 555 253 634 ειινεε,
284 578 346 641 qua
368 559 489 642 priores
514 539 673 632 declives}
697 557 743 623 his
766 557 934 643 superatis,
962 557 996 618 in
1019 576 1093 621 con-

143 669 231 734 clave
262 680 424 754 angustum
451 669 595 744 intrabis;
624 680 688 732 tum
714 667 758 732 ad
778 668 920 734 dextram
948 671 1092 732 introitus

141 792 228 874 patet
256 785 288 845 in
319 780 404 846 aliud
433 780 583 846 conclave
607 765 866 868 angustissimum,
897 802 961 866 quo
986 791 1091 845 erecto

143 893 269 980 quidem
299 897 399 984 capite
428 904 510 984 stare
538 893 626 972 licet,
664 893 774 959 cubitis
805 905 907 959 autem
938 891 1092 957 ambobus

144 1005 297 1092 dispansis
325 1029 430 1074 munis
456 1016 589 1091 uterque
612 1009 761 1092 tangitur3
790 1004 955 1092 longitudo
978 1028 1093 1090 novem

143 1117 241 1205 pedes
263 1140 329 1182 non
353 1117 482 1182 excedit.
535 1118 684 1184 Ceterum
708 1120 819 1206 (quod
841 1119 966 1184 Tabula
988 1119 1010 1182 l.
1033 1117 1093 1182 do-

143 1232 213 1310 cet)
236 1242 320 1320 totus
342 1223 484 1310 rece‘ssus
512 1252 601 1296 muro
630 1230 753 1298 laterali
780 1232 918 1297 inclusus
950 1243 1004 1296 est.
1056 1233 1093 1296 ln

84 1420 86 1432 ,
142 1346 216 1409 tecti
251 1345 419 1408 caementis
454 1362 550 1408 unum
580 1366 617 1408 ex
645 1343 822 1432 ingentibus
851 1339 1008 1429 lapidibus
1035 1324 1093 1408 de-

86 1435 90 1449 .
143 1466 204 1529 est;
235 1476 298 1539 quo
328 1454 535 1546 foramenlfit
563 1455 695 1518 fumario
725 1456 808 1518 haud
832 1455 982 1518 absimile.
1011 1454 1101 1518 ,Pen

89 1584 90 1598 ¹
143 1565 218 1630 dmn
242 1575 273 1644 et
294 1585 440 1628 manuum
464 1563 578 1628 auxilio
603 1563 753 1628 ascendes
776 1567 808 1628 in
831 1564 1003 1631 secundum
1021 1585 1095 1630 con*

143 1676 249 1754 clave,
277 1676 325 1743 illi
348 1699 387 1741 eo
410 1675 507 1741 modo
531 1656 789 1762 superstructum,
812 1688 847 1742 ut
869 1676 1005 1762 lapides,
1029 1680 1096 1764 qui-
1180 1669 1186 1686 '

142 1789 202 1853 bus
225 1792 340 1873 tegitur
360 1789 504 1865 usserius,
527 1787 631 1852 solum
652 1787 825 1872 praebeant
848 1791 1010 1872 superiori.
1056 1791 1094 1852 ln

143 1909 234 1986 parte
256 1895 380 1961 boreali
402 1897 508 1962 itidem
536 1898 678 1961 foramen
708 1908 754 1961 est
782 1901 937 1977 intecto,
967 1898 1095 1984 quoad

143 2012 267 2103 tertium
305 2006 470 2086 conclave,
506 2007 672 2088 duobus
664 2009 865 2074 inferioribus
901 2010 1096 2116 simfllimmn,

142 2097 328 2186 ascenditur.
357 2121 457 2183 Huic
478 2123 632 2184 rarissima
652 2123 822 2192 immittitur
844 2119 898 2196 lux
919 2145 979 2208 per
1000 2126 1096 2212 spira-

142 2256 216 2300 men
238 2237 388 2320 exiguum,
399 2231 538 2318 digitum
560 2232 723 2298 latitudine
745 2237 795 2298 ιιι
811 2256 971 2318 superans,
998 2228 1095 2324 quod,

144 2348 185 2412 si.
196 2367 316 2408 murum
347 2355 506 2419 externum
536 2329 772 2432 contempleris,
808 2345 920 2410 oculos
948 2344 1095 2428 facillime

143 2457 233 2544 fugit,
252 2469 326 2526 tum
348 2467 479 2554 propter
502 2459 711 2542 exiguitatem,
734 2468 798 2522 turn
821 2461 894 2544 quia
916 2456 1095 2544 sculpturae

143 2545 400 2654 hieroglyphicae
429 2543 632 2656 conspectum
662 2569 797 2648 turbant.
850 2571 912 2633 Per
940 2573 1106 2656 spiramen,

142 2686 226 2747 intus
249 2682 403 2766 proximas
425 2679 556 2754 insulae¹
569 2692 673 2766 partes
697 2681 881 2768 adspicienti
906 2680 991 2744 baud
1015 2679 1095 2747 diffi-

144 2794 206 2861 cile
237 2802 298 2870 est,
328 2792 523 2860 conclavium
550 2796 642 2859 situm
671 2796 704 2858 in
732 2792 840 2879 templi
868 2814 958 2856 muro
982 2796 1109 2868 consti·

143 2917 242 2984 tuere,
266 2927 335 2972 cum
358 2929 395 2970 ex
419 2906 568 3002 opposito
591 2905 703 2970 Nili
679 2928 748 3016 npa
770 2901 930 2970 orientalis
955 2916 986 2970 et
1007 2927 1096 2994 mon-

143 3021 221 3086 tium
251 3016 456 3120 arabicorum
475 3028 602 3082 tractus
621 3011 859 3104 conspiciantur.
912 3019 1014 3083 'lanta
1043 3040 1096 3092 au

144 3141 207 3200 tem
231 3142 278 3195 cst
300 3114 346 3194 ¹vis
369 3095 528 3194 radiorum
551 3127 643 3208 solis,
672 3129 804 3196 insulam
828 3141 860 3214 et
881 3141 1004 3195 montes
1025 3129 1096 3195 illu

143 3244 321 3334 strantium,
356 3253 391 3306 ut
425 3265 484 3328 per
518 3244 674 3328 spiramen
704 3264 741 3306 er
770 3240 907 3306 tenebris
935 3241 997 3304 illis
1025 3263 1096 3327 spe-

145 3331 241 3430 ctanti
268 3364 335 3418 tota
363 3331 450 3438 regio
481 3357 569 3439 quasi
598 3353 708 3418 ardere
730 3350 882 3438 videatur,
906 3362 936 3417 et
959 3351 1096 3434 unhrae,

133 3468 178 3558 ¹in
199 3466 246 3530 his
268 3463 459 3550 regionibus,
481 3477 516 3528 ut
539 3477 669 3544 constat,
692 3463 893 3529 densissimae
917 3467 949 3532 et
969 3465 1035 3532 fere
1050 3467 1097 3534 ni-

126 3599 233 3669 ·grae,
254 3579 317 3663 jam
339 3575 593 3642 subnrbieundae
616 3587 795 3668 appareant.

210 3688 308 3756 Aliud
338 3687 490 3754 conclave
518 3693 611 3756 tertio
637 3691 869 3776 superpositum
889 3709 956 3755 non
976 3689 1097 3776 reperi·
1200 3751 1203 3758 ,

144 3822 228 3884 mus,
255 3823 361 3893 neque
384 3811 500 3868 tectum
522 3801 678 3889 pulsando
701 3811 852 3868 tentatum
874 3821 986 3867 sonum
1007 3800 1095 3866 illum
