3002 4544
391 324 439 398 10

328 561 333 572 ,
390 499 475 588 apud
496 497 677 584 Syenenses
705 506 823 562 tantum
850 505 1031 582 usurpatio,
1061 495 1101 560 ab
1131 494 1246 560 accolis
1271 495 1340 559 Nu-

389 611 551 680 hiensihus
572 609 712 676 breviter
732 611 839 687 Essur,
856 631 970 687 murus,
989 617 1127 673 vocatun
1173 606 1276 672 Nobis
1299 607 1340 673 de

389 747 480 792 muro
502 735 629 811 praeter
648 744 766 787 nomen
794 719 989 807 rogantibus,
1017 719 1094 785 nihil
1120 723 1180 785 nisi
1203 724 1340 807 ineptiae

390 839 504 952 aletae
527 847 613 913 sunt,
644 833 757 920 quihus
779 833 871 900 facile
893 833 1088 919 intelliptur,
1117 853 1209 920 quem
1231 856 1342 899 manca

389 914 550 1018 hodiernis
578 949 742 1034 Aegyptiis
776 949 949 1032 priscorum
984 955 1159 1031 temporum
1191 949 1341 1010 memoria

392 1073 424 1128 et
451 1059 630 1128 recordatio
660 1063 707 1124 sit.
758 1059 811 1126 Ad
839 1059 1034 1122 Pharaonem
1063 1069 1095 1122 et
1123 1058 1340 1144 Cleopatram,

392 1188 478 1263 quae·
501 1175 629 1239 nomina
658 1170 728 1237 sola
758 1193 794 1236 ex
823 1172 1005 1256 antiquitate
1032 1173 1065 1235 in
1086 1169 1190 1255 plebis
1213 1191 1270 1235 ore
1292 1190 1341 1233 re-

391 1295 585 1362 nauseant,
614 1283 737 1349 Arabes
760 1294 792 1348 et
814 1282 928 1347 Nubae
951 1284 1055 1346 omnia
1076 1283 1230 1359 reienmt,
1260 1303 1343 1368 quae

392 1411 464 1468 ante
485 1395 713 1464 Muhammedis
737 1405 869 1460 aetatem
897 1398 930 1458 in
952 1396 1101 1480 Aegypto
1124 1395 1275 1459 accidisse
1297 1391 1344 1457 di-

392 1524 512 1581 cuntur.
558 1510 623 1574 Alii
643 1531 764 1574 murum
787 1530 805 1572 a
828 1506 1003 1593 Cleopatra
1024 1510 1131 1593 regina
1152 1517 1342 1572 exeundum

392 1647 462 1690 esse
484 1632 625 1697 narrant,
656 1642 738 1704 quae
762 1641 831 1683 oum
854 1620 981 1703 Syenae
1005 1630 1262 1695 commoraretur,
1285 1620 1343 1681 sci-

391 1748 503 1822 retque
537 1735 620 1797 viam
653 1732 739 1796 illam
773 1733 903 1816 hyaenis
936 1730 1067 1815 aliisque
1100 1728 1174 1794 feris
1201 1729 1344 1809 infestam

394 1871 477 1928 esse,
505 1845 589 1924 filio,
618 1845 758 1910 scholam
785 1844 964 1909 Philensem
992 1844 1216 1931 frequentanti,
1244 1852 1344 1906 tutum

392 1966 453 2027 iter
477 1960 631 2026 voluisset
651 1980 777 2042 parare;
809 1993 848 2006 -
877 1957 929 2018 alii
953 1967 1061 2019 contra
1083 1956 1201 2018 idcirco
1224 1975 1344 2018 murum

394 2067 592 2135 aedificatum
621 2085 690 2128 esse
719 2062 888 2139 affirmant,
916 2074 951 2125 ut
978 2065 1120 2126 homines
1149 2066 1344 2149 immorigeri,

394 2205 414 2248 a
440 2180 607 2244 Pharaone
641 2196 715 2260 rege
747 2173 822 2238 feris
851 2173 969 2257 objecti
1001 2197 1020 2238 a
1047 2172 1151 2237 reditu
1178 2177 1211 2236 in
1239 2193 1345 2259 agrum

394 2293 591 2380 Syenensem
614 2297 803 2352 arcerentur.
855 2285 920 2350 Sed
949 2286 1028 2350 haec
1048 2283 1206 2351 sufficiant
1228 2287 1269 2352 ad
1292 2288 1345 2354 de-

394 2403 577 2492 signandam
598 2405 728 2495 istorum
750 2397 957 2463 harbarorum
978 2397 1195 2483 stupiditatem.

410 2549 413 2556 ·
471 2511 682 2580 Burchhardti
715 2512 882 2592 sententian,
915 2532 1036 2574 murum
1070 2521 1179 2575 contra
1206 2511 1346 2577 Arabum

396 2627 593 2696 orientalium
620 2626 816 2689 incursiones
845 2622 960 2687 factum
989 2645 1073 2701 esse,
1108 2647 1172 2710 quo
1202 2636 1344 2711 tempore

396 2741 616 2805 commercium
643 2757 785 2821 magnum
813 2747 897 2802 esset
923 2739 1005 2800 inter
1027 2734 1131 2800 Philas
1155 2748 1185 2801 et
1207 2737 1345 2824 Syenen,

397 2849 481 2915 haud
510 2843 898 2938 contemnendaridetur.
959 2848 1094 2915 Constat
1122 2852 1203 2914 enim
1231 2862 1348 2916 catara-

397 2972 478 3026 ctam
499 2977 596 3024 unum
619 2977 688 3022 esse
710 2957 963 3042 impedimentum
985 2964 1188 3046 navigationis
1206 2984 1264 3047 per
1278 2963 1348 3027 lon-

388 3076 552 3160 ·gissimum
573 3071 788 3156 spatiums—
811 3083 858 3136 cst
880 3075 961 3136 enim
980 3093 1078 3158 supra
1099 3072 1204 3138 Philas
1227 3073 1347 3140 duode-

467 3287 503 3366 hy
521 3311 536 3346 a
551 3287 613 3363 king
631 3283 661 3342 oi
673 3283 719 3356 the
736 3305 811 3342 name
829 3284 859 3340 oi
872 3281 1036 3358 Adioun—
1067 3284 1175 3362 Propria
1193 3285 1346 3361 significatio

467 3349 711 3492 voeabuliffhi,
738 3392 823 3448 later
845 3400 970 3457 coctus,
994 3391 1064 3469 apud
1080 3392 1178 3449 incolas
1195 3394 1346 3468 antiquitate

469 3498 586 3556 ohseleta
610 3519 668 3556 esse
690 3495 798 3554 videtur.
842 3491 980 3585 Scrihendi
1003 3515 1092 3550 errore
1111 3494 1179 3571 apud
1197 3493 1346 3552 Denonium

468 3606 586 3682 irrepsit.
599 3572 747 3700 »5.ύῖ
779 3597 902 3668 Q
933 3599 1095 3672 injustitia
1114 3621 1200 3668 anus,
1217 3621 1276 3679 pag
1295 3602 1347 3657 162

470 3707 522 3777 (ed.
542 3705 669 3774 Parisino)
688 3705 902 3770 ubizuleikham
921 3701 1061 3760 Pharaonis
1076 3703 1154 3759 Zibae
1172 3702 1260 3770 filiam,
1279 3705 1345 3759 muri

469 3792 639 3848 conditricem
662 3803 801 3860 memorat,
825 3811 890 3868 qnae
914 3789 1030 3845 desumto
1048 3790 1168 3847 videntur
1186 3811 1218 3847 ex
1236 3791 1298 3848 lhn-
1306 3789 1347 3844 el·

468 3877 563 3935 Wardi
579 3879 700 3955 Aegypto
719 3879 764 3940 ed„
777 3879 862 3936 Frtihn
879 3897 936 3954 pag.
956 3882 998 3933 to.
