3002 4544
986 350 1115 425 ‘39

170 551 238 594 esse
258 532 292 595 in
314 530 437 616 templis
461 542 492 595 et
513 531 678 618 hypogeis.
717 528 940 616 Adspiciuntur
956 531 1036 592 enim
1052 538 1115 592 tum
1173 539 1247 595 Pras
1260 537 1284 594 l.

168 645 200 706 in
227 641 354 719 tabulis,
386 666 415 707 v.
447 665 471 706 e.
503 645 592 728 equi,
626 645 707 728 regis
737 663 830 706 curru
857 644 969 730 junctu
1000 639 1117 717 hoves,

169 764 301 818 aratrum
323 756 494 831 trahentem
518 758 638 832 aristae,
662 758 747 832 asini,
771 775 891 840 caprae,
915 775 1021 818 coram
1044 774 1117 839 pos-

168 887 292 930 sessore
322 879 534 952 enumeratam
571 879 635 932 tum
665 878 768 931 autem
796 869 995 951 reperiuntur
1023 865 1116 950 signis

167 975 409 1065 hieroglyphieis
432 980 641 1058 intermixtae,
671 960 759 1068 guasi
781 981 814 1042 in
836 988 984 1043 contextu
1013 977 1116 1041 litera-

167 1103 234 1154 rum
258 1101 289 1156 et
310 1089 489 1168 verborum,
512 1090 567 1155 ubi
589 1092 688 1156 multo
709 1091 894 1156 ¹cautius'de
919 1113 1024 1154 earum
1047 1110 1116 1154 sen·
1134 1163 1148 1190 ⁹

166 1205 262 1267 tentia
285 1203 554 1289 pronunciandum
579 1215 640 1279 est;
666 1207 774 1268 harum
796 1206 925 1267 maxima
946 1225 1020 1290 pars
1042 1223 1116 1270 aves

152 1327 257 1394 sunt,
275 1315 397 1402 quales:
425 1315 493 1394 ibis,
515 1317 608 1395 falco,
631 1318 744 1394 vultur,
767 1338 850 1392 anas,
873 1337 965 1380 anser
988 1327 1055 1391 eto,
1079 1335 1115 1376 ex

167 1427 514 1513 quadrupedibus‘lem
544 1430 619 1503 alia;
646 1433 745 1493 rarius
769 1431 904 1493 occurrit
927 1423 1116 1497 crocodilus,
1195 1469 1215 1476 -.
1257 1414 1258 1422 ’

111 1613 120 1630 ⁸
168 1541 255 1623 cujus
283 1550 388 1603 tamen
417 1551 511 1623 caput
537 1542 729 1624 saepissime*
745 1541 883 1601 humano·
912 1538 1039 1620 corpori
1064 1539 1141 1624 im-x

166 1653 302 1736 positum
334 1661 389 1715 est
441 1651 517 1716 Duo
542 1651 736 1714 camelorum
768 1653 868 1735 capita
898 1647 1118 1713 excellentissi

168 1783 236 1824 mus
266 1785 284 1825 a
312 1763 500 1827 hamutoli
491 1785 524 1826 m
552 1758 694 1827 obelisco
725 1759 881 1824 Thebano
916 1759 977 1839 (ad
1005 1781 1136 1870 pagum

167 1867 293 1950 Luxor)
322 1876 494 1935 accuratius
524 1872 707 1945 ‹lelineavit;
735 1871 907 1934 Belzonius
929 1872 1118 1952 intersigna

167 1975 405 2068 hieroglyphice
449 2004 563 2066 equum
608 1993 640 2046 et
677 1975 950 2068 canreloparclalim
987 1982 1116 2064 reperit;

166 2097 282 2180 piscem
312 2114 465 2178 nusquam
493 2095 526 2156 in
554 2091 711 2160 literarum
741 2089 1119 2177 consequentia'expres-

166 2227 233 2270 sum
257 2229 325 2270 esse
346 2207 548 2270 meminimus.

232 2319 338 2404 Prope
368 2317 526 2407 elephanti
555 2317 687 2382 founarn
715 2319 748 2380 in
777 2327 870 2402 porta
900 2315 963 2397 (d)
993 2314 1117 2379 eoncla

166 2435 217 2495 via
238 2429 394 2496 nonnulla
416 2440 495 2506 suut,
519 2452 600 2514 quae
623 2438 695 2492 ante
719 2429 777 2492 hos
797 2431 919 2514 triginta
939 2449 1038 2492 annos
1054 2429 1121 2490 via·

167 2542 289 2608 toribus
312 2541 430 2628 gallicis
452 2540 617 2628 patebant,
643 2562 728 2604 nunc
744 2550 858 2604 autem
885 2543 1041 2605 ruinarum
1066 2560 1118 2603 co·
1174 2602 1179 2612 ,

167 2657 219 2742 pia
243 2655 377 2721 obstruit
399 2653 522 2718 aditmn.
600 2699 603 2702 -
671 2645 672 2652 ἵ
773 2643 775 2648 ’

233 2766 286 2830 Ad
315 2769 424 2834 atrium
451 2767 571 2830 reversi
592 2768 624 2828 in
646 2775 735 2851 parte
759 2762 998 2850 septentrionali
1021 2761 1117 2826 sacel-
1161 2779 1293 2828 sticelleia

169 2881 231 2945 lum
255 2884 408 2966 cemimus
430 2877 535 2964 lapide
558 2877 657 2980 grapit
658 2879 707 2943 ico
731 2877 860 2954 factum,
885 2880 965 2941 imae
985 2875 1117 2962 pylonis
1138 2848 1317 2919 greeaucmu

169 2993 237 3058 alae
266 2993 360 3074 (Νι)
383 2989 570 3066 adhaerens,
597 2981 676 3053 saras
700 2995 803 3054 autem
825 2992 868 3054 ita
891 2984 1053 3065 obrutmn,
1083 2998 1117 3050 ut

170 3127 262 3192 aegre
285 3104 372 3170 adiri
386 3104 505 3190 possit.
525 3100 708 3166 altitudine
731 3114 762 3166 et
785 3101 949 3166 latitudine
972 3123 1025 3164 sex
1049 3101 1116 3164 iere
1195 3157 1198 3164 .

172 3217 270 3304 pedes
306 3225 452 3302 aequat·
487 3215 589 3278 Tecto
618 3235 686 3276 cum
715 3200 1020 3289 caresc3intemarn
1049 3211 1115 3294 ejus

167 3340 301 3417 partem,
324 3330 407 3392 notis
429 3323 674 3411 hieroglyphicis
696 3325 858 3412 repletam,
880 3323 1000 3388 facilius
1013 3338 1115 3407 *quam

168 3431 340 3518 cateruam,
355 3440 527 3526 parietinis
550 3437 732 3513 obductam,
762 3437 935 3500 examinare
957 3434 1043 3510 licet;
1072 3437 1118 3518 ja·-

167 3561 261 3620 riuam
296 3563 399 3618 tamen
433 3571 543 3614 versus
577 3553 686 3615 atrium
714 3548 851 3612 adfuisse
880 3547 974 3613 docet
1002 3546 1115 3633 globus

168 3664 284 3743 alatus,
318 3667 372 3752 qui
402 3667 435 3729 in
468 3673 557 3750 parte
587 3674 713 3727 externa
744 3683 761 3724 e
786 3660 935 3724 uideram
970 3662 1116 3744 congerie

168 3761 291 3843 emihet.
342 3764 534 3842 Recentiore
557 3785 699 3861 tempore
722 3765 874 3860 adjectam
898 3795 967 3836 esse
993 3771 1116 3837 aedicu

168 3887 230 3956 lam
256 3885 370 3968 issam,-
384 3907 452 3955 non
480 3877 582 3954 solum
608 3895 715 3957 menet
737 3885 846 3964 locus,
871 3905 939 3972 quo
954 3882 1116 3948 'collocata
