3002 4544
317 419 319 424 -
418 366 443 438 4

250 563 325 622 pm
342 563 361 622 1,
419 543 494 632 gulo
516 550 605 607 recto
629 537 824 606 occidentem
846 558 954 603 versus
977 537 1112 602 ssectitur
1132 533 1182 619 ⁴),
1212 545 1243 599 et
1264 535 1297 599 in
1318 556 1370 600 re·
1413 563 1430 600 ο

417 657 568 720 motiones
591 661 762 717 cataractae
784 651 934 738 scopulos
955 651 1133 714 immittitur.
1170 647 1275 734 Propo
1297 647 1370 712 Phi·
1425 695 1437 720 .

418 767 474 846 las,
496 767 636 831 Africum
657 785 767 828 versus
791 762 871 826 duae
890 763 1011 826 insulae
1025 764 1161 848 maiores
1176 763 1262 839 sitae,
1285 781 1369 846 quae

418 893 522 946 tamen
557 881 599 944 ad
632 873 828 939 aedificanda
862 874 978 959 templa
1005 876 1115 961 partim
1142 871 1370 958 magnitudme;

368 1051 372 1060 ,
419 989 529 1072 partim
564 985 625 1050 soli
658 987 856 1051 inclementia
890 987 994 1051 locum
1027 989 1127 1049 minus
1156 997 1260 1072 aptum
1288 982 1371 1048 offe-

369 1078 375 1088 ’
418 1108 504 1172 runt;
532 1119 599 1163 non
627 1103 737 1165 minan
764 1101 856 1184 igitur
877 1097 1034 1177 videatur,
1063 1102 1096 1162 in
1119 1097 1214 1188 Philia
1236 1105 1370 1182 propter

419 1208 488 1286 solir
512 1210 672 1295 planitiem
707 1214 827 1297 priscos
861 1211 1003 1274 homines
1038 1208 1180 1275 aedilicia
1209 1218 1369 1272 exstruere
1392 1199 1410 1214 ⁶

417 1321 572 1386 maluisse.
623 1325 732 1388 Minor
758 1322 874 1400 insula,
905 1346 998 1409 qnam
1026 1323 1133 1408 Bageh
1159 1321 1283 1385 incolae
1310 1341 1371 1384 vo-

418 1444 504 1513 cant,
533 1437 623 1520 parvi
651 1435 759 1521 templi
785 1437 914 1520 vestigia
941 1437 973 1498 in
1001 1433 1095 1499 litore
1117 1433 1262 1500 orientali
1284 1421 1370 1496 exhi-

416 1542 486 1622 bet,
515 1558 619 1611 cetera
639 1569 713 1632 pars
735 1550 815 1611 saxis
837 1547 959 1631 repleta
989 1557 1049 1622 est;
1078 1549 1111 1610 in
1137 1545 1240 1610 media
1265 1541 1370 1608 insula

416 1654 521 1719 nudae
543 1676 639 1741 rupes
661 1658 694 1718 in
717 1653 911 1720 altitudinem
933 1652 1000 1716 fere
1024 1653 1229 1717 ducentorum
1251 1654 1368 1740 pedum

418 1749 624 1862 extolluntur,
647 1788 777 1852 quarum
800 1768 959 1836 eacumina
981 1763 1139 1829 horrenda
1160 1768 1193 1829 in
1214 1751 1368 1852 praecep}
1484 1761 1486 1862 l

416 1881 520 1944 menti
543 1881 715 1964 comparari
737 1889 880 1964 possunt.
917 1878 1026 1965 Major
1046 1877 1157 1956 insula,
1179 1881 1230 1942 cui
1244 1878 1370 1945 Hesseh

415 2009 548 2066 nomen,
580 1979 683 2071 prope
716 1991 845 2050 fluvium
873 1993 906 2049 in
935 1988 1028 2049 litore
1055 1989 1253 2052 meridionali
1280 1975 1368 2054 casas

416 2095 589 2173 Nubarum,
611 2099 785 2160 stramentis
808 2105 906 2158 tectas
928 2094 1032 2172 babet,
1053 2095 1175 2180 reliqua
1195 2119 1268 2180 pars
1290 2095 1370 2160 nihil
1485 2147 1486 2156 ,

416 2211 476 2274 nisi
500 2227 644 2271 saxorum
662 2227 792 2270 acervos
809 2203 981 2270 cumulatos
996 2205 1100 2282 offert,
1124 2205 1268 2271 domibus
1283 2181 1373 2272 aedi-¹

338 2398 348 2417 ς
415 2319 557 2386 ficandis·
570 2321 694 2383 minime
715 2317 866 2394 idoneos;
888 2317 977 2383 nulla
997 2317 1048 2382 ibi
1064 2320 1253 2405 antiquitatis
1274 2324 1368 2386 vesti-

416 2435 474 2520 gia.
523 2430 681 2496 Philarum
703 2429 820 2511 solum,
842 2451 987 2496 saxosum
1009 2429 1149 2518 quidem,
1177 2431 1301 2497 modica
1322 2443 1394 2497 ta-.
1484 2471 1485 2490 r

415 2567 489 2610 men
511 2544 674 2610 altitudine
696 2542 773 2608 Nilo
797 2544 992 2630 prominens,
1020 2565 1123 2608 aream
1146 2546 1218 2609 satis
1240 2543 1366 2632 planam

416 2657 540 2744 templis
564 2639 737 2721 condendis
759 2653 899 2742 praebet.

231 2781 376 2837 Pittamm
482 2769 518 2834 Si
545 2767 654 2856 paullo
683 2765 807 2854 longius
829 2770 862 2831 in
885 2764 1098 2832 describendis
1119 2766 1299 2854 regionibus
1315 2770 1367 2848 ¹in-

133 2925 137 2930 .
202 2861 506 2993 p²‘1'1'0‘2'222'17¹3‘3sulae
541 2878 829 2967 circumjacentibus
865 2883 1048 2944 commorati
1076 2901 1195 2960 sumus,
1229 2877 1263 2976 id
1289 2857 1364 2946 ideo
1482 2949 1483 2956 χ

342 3069 346 3084 Ι
416 2993 531 3058 facmm
555 3001 610 3070 est,
633 2991 721 3079 quod
742 2995 892 3056 montium
914 2994 1087 3056 vicinorum
1105 2990 1249 3056 sterilitas
1263 2985 1366 3074 Phila·
1482 2993 1483 3000 '

407 3127 485 3172 ‚rum
508 3081 719 3189 conspectum,
740 3106 887 3190 imprimis
911 3125 1075 3169 amoenum
1090 3103 1201 3169 reddit.
1239 3106 1269 3169 A
1287 3127 1366 3192 quo-

416 3240 481 3305 quo
496 3216 596 3282 latere
611 3218 912 3304 appropinquaveris
927 3213 1077 3302 singulari
1091 3219 1278 3282 amoenitate
1294 3239 1365 3283 sese

417 3328 615 3394 commendat
635 3328 745 3407 insula,
767 3331 897 3393 maxime
920 3338 1022 3392 autem
1037 3351 1056 3393 a
1071 3327 1178 3414 Syene
1194 3313 1365 3424 accedentip

416 3441 559 3505 Duarum
580 3441 647 3505 fere
669 3429 815 3506 horarum
836 3444 887 3504 via
903 3443 997 3506 estin
1009 3440 1095 3506 valle
1110 3463 1258 3518 arenosa;
1279 3450 1366 3527 post·
1480 3495 1481 3530 2

323 3627 325 3634 Ι
417 3573 511 3639 quam
532 3551 678 3638 sepulcra
700 3553 824 3619 arabica
845 3574 947 3643 prope
961 3553 1091 3642 Syenen
1105 3551 1284 3644 reliqueris,¹
1299 3573 1373 3662 ιιιιι-Ι
1480 3555 1481 3623 ἶ

452 3830 520 3903 ‘)cl.
534 3830 666 3910 Descript.
680 3832 714 3890 de
725 3831 836 3911 l'Egypt.
849 3831 870 3890 l·
882 3829 918 3913 pl
931 3819 967 3893 30
981 3844 1008 3894 et
1024 3831 1057 3892 C.
1070 3833 1182 3892 liitter
1193 3829 1224 3889 ἅ
1235 3826 1363 3912 O’etsel

487 3914 587 3976 Karon
603 3917 657 3976 und
674 3917 752 3976 Plane
771 3919 790 3975 l.
806 3917 842 3997 pl.
860 3923 884 3976 3.
1004 3967 1006 3972 ,
