<?xml version="1.0" encoding="UTF-8"?>
<!DOCTYPE html PUBLIC "-//W3C//DTD XHTML 1.0 Transitional//EN"
    "http://www.w3.org/TR/xhtml1/DTD/xhtml1-transitional.dtd">
<html xmlns="http://www.w3.org/1999/xhtml" xml:lang="en" lang="en">
 <head>
  <title>
</title>
<meta http-equiv="Content-Type" content="text/html;charset=utf-8" />
  <meta name='ocr-system' content='tesseract 3.04.00' />
  <meta name='ocr-capabilities' content='ocr_page ocr_carea ocr_par ocr_line ocrx_word'/>
</head>
<body>
  <div class='ocr_page' id='page_1' title='image "./dephilisinsulae01partgoog_0041.png"; bbox 0 0 3002 4544; ppageno 0'>
   <div class='ocr_carea' id='block_1_1' title="bbox 241 473 354 534">
    <p class='ocr_par' dir='ltr' id='par_1_1' title="bbox 241 473 354 534">
     <span class='ocr_line' id='line_1_1' title="bbox 241 473 354 534; baseline 0 0"><span class='ocrx_word' id='word_1_1' title='bbox 241 473 316 534; x_wconf 77' lang='lat' dir='ltr'><strong>Pras</strong></span> <span class='ocrx_word' id='word_1_2' title='bbox 334 475 354 534; x_wconf 90' lang='lat' dir='ltr'><strong>l.</strong></span> 
     </span>
    </p>
   </div>
   <div class='ocr_carea' id='block_1_2' title="bbox 400 457 1398 1779">
    <p class='ocr_par' dir='ltr' id='par_1_2' title="bbox 400 457 1357 1559">
     <span class='ocr_line' id='line_1_2' title="bbox 405 457 1356 552; baseline 0.002 -24"><span class='ocrx_word' id='word_1_3' title='bbox 405 481 643 552; x_wconf 73' lang='lat' dir='ltr'><strong>persequamur,</strong></span> <span class='ocrx_word' id='word_1_4' title='bbox 671 457 727 526; x_wconf 94' lang='lat' dir='ltr'><strong>ubi</strong></span> <span class='ocrx_word' id='word_1_5' title='bbox 753 481 921 528; x_wconf 85' lang='lat' dir='ltr'><strong>urmrerosa</strong></span> <span class='ocrx_word' id='word_1_6' title='bbox 941 461 1021 527; x_wconf 84' lang='lat' dir='ltr'><strong>muri</strong></span> <span class='ocrx_word' id='word_1_7' title='bbox 1049 461 1149 528; x_wconf 82' lang='lat' dir='ltr'><strong>eversi</strong></span> <span class='ocrx_word' id='word_1_8' title='bbox 1175 461 1356 551; x_wconf 75' lang='lat' dir='ltr'><strong>fragmenta,</strong></span> 
     </span>
     <span class='ocr_line' id='line_1_3' title="bbox 405 571 1354 661; baseline 0.004 -23"><span class='ocrx_word' id='word_1_9' title='bbox 405 572 573 661; x_wconf 89' lang='lat' dir='ltr'><strong>scalasque</strong></span> <span class='ocrx_word' id='word_1_10' title='bbox 597 571 638 638; x_wconf 90' lang='lat' dir='ltr'><strong>ad</strong></span> <span class='ocrx_word' id='word_1_11' title='bbox 659 571 768 638; x_wconf 89' lang='lat' dir='ltr'><strong>Nilum</strong></span> <span class='ocrx_word' id='word_1_12' title='bbox 790 571 983 640; x_wconf 81' lang='lat' dir='ltr'>deducentes</span> <span class='ocrx_word' id='word_1_13' title='bbox 1012 573 1073 656; x_wconf 91' lang='lat' dir='ltr'><strong>(ad</strong></span> <span class='ocrx_word' id='word_1_14' title='bbox 1094 575 1146 657; x_wconf 87' lang='lat' dir='ltr'><strong>H)</strong></span> <span class='ocrx_word' id='word_1_15' title='bbox 1171 577 1354 642; x_wconf 81' lang='lat' dir='ltr'><strong>invenimus.</strong></span> 
     </span>
     <span class='ocr_line' id='line_1_4' title="bbox 406 683 1355 774; baseline 0 -21"><span class='ocrx_word' id='word_1_16' title='bbox 406 684 491 754; x_wconf 91' lang='lat' dir='ltr'><strong>Cum</strong></span> <span class='ocrx_word' id='word_1_17' title='bbox 524 683 717 772; x_wconf 82' lang='lat' dir='ltr'><strong>singulorum</strong></span> <span class='ocrx_word' id='word_1_18' title='bbox 750 684 901 772; x_wconf 75' lang='lat' dir='ltr'><strong>graduum</strong></span> <span class='ocrx_word' id='word_1_19' title='bbox 933 685 1067 752; x_wconf 87' lang='lat' dir='ltr'><strong>latitudo</strong></span> <span class='ocrx_word' id='word_1_20' title='bbox 1096 689 1200 754; x_wconf 91' lang='lat' dir='ltr'><strong>minor</strong></span> <span class='ocrx_word' id='word_1_21' title='bbox 1225 691 1267 752; x_wconf 88' lang='lat' dir='ltr'><strong>sit</strong></span> <span class='ocrx_word' id='word_1_22' title='bbox 1294 710 1355 774; x_wconf 89' lang='lat' dir='ltr'><strong>pro</strong></span> 
     </span>
     <span class='ocr_line' id='line_1_5' title="bbox 405 795 1357 886; baseline 0.002 -24"><span class='ocrx_word' id='word_1_23' title='bbox 405 800 528 862; x_wconf 85' lang='lat' dir='ltr'><strong>ratione</strong></span> <span class='ocrx_word' id='word_1_24' title='bbox 562 795 747 877; x_wconf 81' lang='lat' dir='ltr'><strong>altitudinis,</strong></span> <span class='ocrx_word' id='word_1_25' title='bbox 780 819 945 863; x_wconf 90' lang='lat' dir='ltr'><strong>asummo</strong></span> <span class='ocrx_word' id='word_1_26' title='bbox 979 798 1020 863; x_wconf 88' lang='lat' dir='ltr'><strong>ad</strong></span> <span class='ocrx_word' id='word_1_27' title='bbox 1046 801 1154 864; x_wconf 86' lang='lat' dir='ltr'><strong>imum·</strong></span> <span class='ocrx_word' id='word_1_28' title='bbox 1172 799 1357 886; x_wconf 84' lang='lat' dir='ltr'><strong>despicienti</strong></span> 
     </span>
     <span class='ocr_line' id='line_1_6' title="bbox 400 910 1356 998; baseline 0.003 -25"><span class='ocrx_word' id='word_1_29' title='bbox 400 911 533 974; x_wconf 85' lang='lat' dir='ltr'><strong>nimium</strong></span> <span class='ocrx_word' id='word_1_30' title='bbox 560 911 747 996; x_wconf 89' lang='lat' dir='ltr'><strong>praecipites</strong></span> <span class='ocrx_word' id='word_1_31' title='bbox 776 921 936 996; x_wconf 88' lang='lat' dir='ltr'><strong>apparent.</strong></span> <span class='ocrx_word' id='word_1_32' title='bbox 992 910 1137 990; x_wconf 81' lang='lat' dir='ltr'><strong>Flavius,</strong></span> <span class='ocrx_word' id='word_1_33' title='bbox 1172 933 1235 998; x_wconf 86' lang='lat' dir='ltr'><strong>qua</strong></span> <span class='ocrx_word' id='word_1_34' title='bbox 1261 915 1356 976; x_wconf 90' lang='lat' dir='ltr'><strong>imum</strong></span> 
     </span>
     <span class='ocr_line' id='line_1_7' title="bbox 405 1018 1357 1113; baseline 0.003 -27"><span class='ocrx_word' id='word_1_35' title='bbox 405 1019 535 1106; x_wconf 78' lang='lat' dir='ltr'><strong>gradum</strong></span> <span class='ocrx_word' id='word_1_36' title='bbox 557 1018 661 1099; x_wconf 89' lang='lat' dir='ltr'><strong>alluit,</strong></span> <span class='ocrx_word' id='word_1_37' title='bbox 682 1019 851 1094; x_wconf 80' lang='lat' dir='ltr'><strong>admodum</strong></span> <span class='ocrx_word' id='word_1_38' title='bbox 874 1033 921 1088; x_wconf 91' lang='lat' dir='ltr'><strong>est</strong></span> <span class='ocrx_word' id='word_1_39' title='bbox 940 1022 1125 1113; x_wconf 84' lang='lat' dir='ltr'><strong>profrmdus,</strong></span> <span class='ocrx_word' id='word_1_40' title='bbox 1144 1025 1188 1089; x_wconf 91' lang='lat' dir='ltr'><strong>ita</strong></span> <span class='ocrx_word' id='word_1_41' title='bbox 1208 1035 1243 1088; x_wconf 87' lang='lat' dir='ltr'><strong>ut</strong></span> <span class='ocrx_word' id='word_1_42' title='bbox 1263 1025 1357 1089; x_wconf 84' lang='lat' dir='ltr'><strong>maxi-</strong></span> 
     </span>
     <span class='ocr_line' id='line_1_8' title="bbox 405 1115 1355 1223; baseline 0.006 -27"><span class='ocrx_word' id='word_1_43' title='bbox 405 1134 463 1196; x_wconf 91' lang='lat' dir='ltr'><strong>mis</strong></span> <span class='ocrx_word' id='word_1_44' title='bbox 485 1130 619 1198; x_wconf 89' lang='lat' dir='ltr'><strong>navibus</strong></span> <span class='ocrx_word' id='word_1_45' title='bbox 640 1131 763 1198; x_wconf 85' lang='lat' dir='ltr'><strong>facilem</strong></span> <span class='ocrx_word' id='word_1_46' title='bbox 778 1115 1053 1222; x_wconf 80' lang='lat' dir='ltr'><strong>appropinquandi</strong></span> <span class='ocrx_word' id='word_1_47' title='bbox 1074 1134 1179 1202; x_wconf 90' lang='lat' dir='ltr'><strong>locum</strong></span> <span class='ocrx_word' id='word_1_48' title='bbox 1194 1115 1355 1223; x_wconf 59' lang='lat' dir='ltr'><strong>praebeat&#39;.</strong></span> 
     </span>
     <span class='ocr_line' id='line_1_9' title="bbox 405 1242 1355 1336; baseline 0.006 -28"><span class='ocrx_word' id='word_1_49' title='bbox 405 1243 523 1330; x_wconf 83' lang='lat' dir='ltr'><strong>Neque</strong></span> <span class='ocrx_word' id='word_1_50' title='bbox 546 1242 731 1324; x_wconf 88' lang='lat' dir='ltr'><strong>dubitamus,</strong></span> <span class='ocrx_word' id='word_1_51' title='bbox 754 1248 830 1330; x_wconf 91' lang='lat' dir='ltr'><strong>quin</strong></span> <span class='ocrx_word' id='word_1_52' title='bbox 851 1243 901 1310; x_wconf 90' lang='lat' dir='ltr'><strong>ibi·</strong></span> <span class='ocrx_word' id='word_1_53' title='bbox 918 1249 1086 1333; x_wconf 87' lang='lat' dir='ltr'><strong>antiquitus</strong></span> <span class='ocrx_word' id='word_1_54' title='bbox 1106 1249 1218 1313; x_wconf 87' lang='lat' dir='ltr'><strong>unicus</strong></span> <span class='ocrx_word' id='word_1_55' title='bbox 1232 1251 1355 1336; x_wconf 88' lang='lat' dir='ltr'><strong>pompis</strong></span> 
     </span>
     <span class='ocr_line' id='line_1_10' title="bbox 405 1339 1356 1444; baseline 0.004 -24"><span class='ocrx_word' id='word_1_56' title='bbox 405 1357 501 1420; x_wconf 85' lang='lat' dir='ltr'><strong>sacris</strong></span> <span class='ocrx_word' id='word_1_57' title='bbox 518 1355 701 1444; x_wconf 88' lang='lat' dir='ltr'><strong>appellendi</strong></span> <span class='ocrx_word' id='word_1_58' title='bbox 721 1356 814 1422; x_wconf 91' lang='lat' dir='ltr'><strong>locus</strong></span> <span class='ocrx_word' id='word_1_59' title='bbox 828 1339 929 1423; x_wconf 83' lang='lat' dir='ltr'><strong>luerit</strong></span> <span class='ocrx_word' id='word_1_60' title='bbox 967 1357 1257 1444; x_wconf 82' lang='lat' dir='ltr'><strong>splendidissimum</strong></span> <span class='ocrx_word' id='word_1_61' title='bbox 1270 1359 1356 1424; x_wconf 91' lang='lat' dir='ltr'><strong>baud</strong></span> 
     </span>
     <span class='ocr_line' id='line_1_11' title="bbox 405 1465 1356 1559; baseline 0.005 -28"><span class='ocrx_word' id='word_1_62' title='bbox 405 1465 503 1532; x_wconf 92' lang='lat' dir='ltr'><strong>dubie</strong></span> <span class='ocrx_word' id='word_1_63' title='bbox 535 1468 750 1555; x_wconf 87' lang='lat' dir='ltr'><strong>spectaculmn</strong></span> <span class='ocrx_word' id='word_1_64' title='bbox 783 1472 879 1536; x_wconf 86' lang='lat' dir='ltr'><strong>totius</strong></span> <span class='ocrx_word' id='word_1_65' title='bbox 907 1469 1009 1536; x_wconf 89' lang='lat' dir='ltr'><strong>cultus</strong></span> <span class='ocrx_word' id='word_1_66' title='bbox 1037 1473 1213 1558; x_wconf 75' lang='lat' dir='ltr'><strong>aegyptiaci</strong></span> <span class='ocrx_word' id='word_1_67' title='bbox 1238 1492 1356 1559; x_wconf 86' lang='lat' dir='ltr'><strong>pompa</strong></span> 
     </span>
    </p>

    <p class='ocr_par' dir='ltr' id='par_1_3' title="bbox 403 1559 1398 1779">
     <span class='ocr_line' id='line_1_12' title="bbox 403 1559 1398 1676; baseline 0.002 -32"><span class='ocrx_word' id='word_1_68' title='bbox 403 1577 554 1644; x_wconf 90' lang='lat' dir='ltr'><strong>solemnis</strong></span> <span class='ocrx_word' id='word_1_69' title='bbox 582 1579 655 1676; x_wconf 86' lang='lat' dir='ltr'><strong>fuit,</strong></span> <span class='ocrx_word' id='word_1_70' title='bbox 690 1602 772 1668; x_wconf 90' lang='lat' dir='ltr'><strong>quae</strong></span> <span class='ocrx_word' id='word_1_71' title='bbox 800 1580 842 1646; x_wconf 89' lang='lat' dir='ltr'><strong>ad</strong></span> <span class='ocrx_word' id='word_1_72' title='bbox 869 1604 958 1649; x_wconf 90' lang='lat' dir='ltr'><strong>saera</strong></span> <span class='ocrx_word' id='word_1_73' title='bbox 985 1582 1144 1648; x_wconf 88' lang='lat' dir='ltr'><strong>Phileusia</strong></span> <span class='ocrx_word' id='word_1_74' title='bbox 1172 1580 1356 1648; x_wconf 84' lang='lat' dir='ltr'><strong>ducebatur.</strong></span> <span class='ocrx_word' id='word_1_75' title='bbox 1392 1559 1398 1569; x_wconf 45' lang='lat'>¹</span> 
     </span>
     <span class='ocr_line' id='line_1_13' title="bbox 403 1689 1357 1779; baseline 0.002 -25"><span class='ocrx_word' id='word_1_76' title='bbox 403 1689 484 1754; x_wconf 84' lang='lat' dir='ltr'><strong>Eam</strong></span> <span class='ocrx_word' id='word_1_77' title='bbox 506 1693 724 1778; x_wconf 86' lang='lat' dir='ltr'><strong>antiquissimis</strong></span> <span class='ocrx_word' id='word_1_78' title='bbox 746 1691 942 1779; x_wconf 85' lang='lat' dir='ltr'><strong>temporibus</strong></span> <span class='ocrx_word' id='word_1_79' title='bbox 963 1695 1091 1772; x_wconf 87' lang='lat' dir='ltr'><strong>nonnisi</strong></span> <span class='ocrx_word' id='word_1_80' title='bbox 1111 1716 1131 1758; x_wconf 91' lang='lat' dir='ltr'><strong>a</strong></span> <span class='ocrx_word' id='word_1_81' title='bbox 1151 1690 1280 1758; x_wconf 87' lang='lat' dir='ltr'><strong>meridie</strong></span> <span class='ocrx_word' id='word_1_82' title='bbox 1302 1715 1357 1778; x_wconf 88' lang='lat' dir='ltr'><strong>ap-</strong></span> 
     </span>
    </p>
   </div>
   <div class='ocr_carea' id='block_1_3' title="bbox 272 1803 1357 1893">
    <p class='ocr_par' dir='ltr' id='par_1_4' title="bbox 272 1803 1357 1893">
     <span class='ocr_line' id='line_1_14' title="bbox 272 1803 1357 1893; baseline -0.001 -24"><span class='ocrx_word' id='word_1_83' title='bbox 272 1810 275 1818; x_wconf 85' lang='lat'><em>&#39;</em></span> <span class='ocrx_word' id='word_1_84' title='bbox 403 1803 640 1891; x_wconf 87' lang='lat' dir='ltr'><strong>propinquasse</strong></span> <span class='ocrx_word' id='word_1_85' title='bbox 656 1805 831 1891; x_wconf 89' lang='lat' dir='ltr'><strong>opinamur.</strong></span> <span class='ocrx_word' id='word_1_86' title='bbox 868 1806 907 1872; x_wconf 94' lang='lat' dir='ltr'><strong>In</strong></span> <span class='ocrx_word' id='word_1_87' title='bbox 928 1805 1117 1893; x_wconf 90' lang='lat' dir='ltr'><strong>templorum</strong></span> <span class='ocrx_word' id='word_1_88' title='bbox 1139 1815 1171 1870; x_wconf 92' lang='lat' dir='ltr'><strong>et</strong></span> <span class='ocrx_word' id='word_1_89' title='bbox 1191 1805 1357 1892; x_wconf 80' lang='lat' dir='ltr'><strong>hypogeo-</strong></span> 
     </span>
    </p>
   </div>
   <div class='ocr_carea' id='block_1_4' title="bbox 402 1903 1371 2552">
    <p class='ocr_par' dir='ltr' id='par_1_5' title="bbox 402 1903 1371 2552">
     <span class='ocr_line' id='line_1_15' title="bbox 402 1903 1356 2005; baseline 0 -25"><span class='ocrx_word' id='word_1_90' title='bbox 402 1937 472 1980; x_wconf 91' lang='lat' dir='ltr'><strong>rum</strong></span> <span class='ocrx_word' id='word_1_91' title='bbox 499 1913 672 2002; x_wconf 89' lang='lat' dir='ltr'><strong>parietibus</strong></span> <span class='ocrx_word' id='word_1_92' title='bbox 699 1926 786 1982; x_wconf 87' lang='lat' dir='ltr'><strong>tenta</strong></span> <span class='ocrx_word' id='word_1_93' title='bbox 812 1915 980 1984; x_wconf 89' lang='lat' dir='ltr'><strong>multitudo</strong></span> <span class='ocrx_word' id='word_1_94' title='bbox 1003 1916 1192 2005; x_wconf 73' lang='lat' dir='ltr'><strong>singularam</strong></span> <span class='ocrx_word' id='word_1_95' title='bbox 1219 1903 1356 2004; x_wconf 81' lang='lat' dir='ltr'><strong>pompae</strong></span> 
     </span>
     <span class='ocr_line' id='line_1_16' title="bbox 402 2011 1357 2112; baseline 0.001 -22"><span class='ocrx_word' id='word_1_96' title='bbox 402 2029 537 2112; x_wconf 89' lang='lat' dir='ltr'><strong>partium</strong></span> <span class='ocrx_word' id='word_1_97' title='bbox 566 2034 690 2089; x_wconf 85' lang='lat' dir='ltr'><strong>servata</strong></span> <span class='ocrx_word' id='word_1_98' title='bbox 719 2035 780 2101; x_wconf 91' lang='lat' dir='ltr'><strong>est,</strong></span> <span class='ocrx_word' id='word_1_99' title='bbox 809 2036 845 2091; x_wconf 89' lang='lat' dir='ltr'><strong>ut</strong></span> <span class='ocrx_word' id='word_1_100' title='bbox 872 2011 940 2091; x_wconf 77' lang='lat' dir='ltr'><strong>tota</strong></span> <span class='ocrx_word' id='word_1_101' title='bbox 966 2024 1068 2110; x_wconf 77' lang='lat' dir='ltr'><strong>figura</strong></span> <span class='ocrx_word' id='word_1_102' title='bbox 1096 2037 1128 2090; x_wconf 90' lang='lat' dir='ltr'><strong>et</strong></span> <span class='ocrx_word' id='word_1_103' title='bbox 1155 2025 1238 2090; x_wconf 89' lang='lat' dir='ltr'><strong>ordo</strong></span> <span class='ocrx_word' id='word_1_104' title='bbox 1266 2028 1357 2112; x_wconf 84' lang='lat' dir='ltr'><strong>quasi</strong></span> 
     </span>
     <span class='ocr_line' id='line_1_17' title="bbox 403 2132 1355 2222; baseline 0.001 -22"><span class='ocrx_word' id='word_1_105' title='bbox 403 2154 554 2222; x_wconf 89' lang='lat' dir='ltr'><strong>praesens</strong></span> <span class='ocrx_word' id='word_1_106' title='bbox 576 2135 795 2220; x_wconf 85' lang='lat' dir='ltr'><strong>conspiciatur.</strong></span> <span class='ocrx_word' id='word_1_107' title='bbox 832 2133 1000 2220; x_wconf 85' lang='lat' dir='ltr'><strong>Reliquiae</strong></span> <span class='ocrx_word' id='word_1_108' title='bbox 1022 2132 1169 2198; x_wconf 86' lang='lat' dir='ltr'><strong>detectae</strong></span> <span class='ocrx_word' id='word_1_109' title='bbox 1188 2133 1355 2221; x_wconf 85' lang='lat' dir='ltr'><strong>aliquoties</strong></span> 
     </span>
     <span class='ocr_line' id='line_1_18' title="bbox 402 2243 1356 2339; baseline 0 -26"><span class='ocrx_word' id='word_1_110' title='bbox 402 2249 437 2313; x_wconf 90' lang='lat' dir='ltr'><strong>in</strong></span> <span class='ocrx_word' id='word_1_111' title='bbox 479 2266 594 2339; x_wconf 79' lang='lat' dir='ltr'><strong>magno</strong></span> <span class='ocrx_word' id='word_1_112' title='bbox 638 2245 851 2339; x_wconf 55' lang='lat' dir='ltr'><strong>expeditionis*</strong></span> <span class='ocrx_word' id='word_1_113' title='bbox 887 2244 1019 2334; x_wconf 79' lang='lat' dir='ltr'><strong>gallicae</strong></span> <span class='ocrx_word' id='word_1_114' title='bbox 1061 2265 1160 2331; x_wconf 92' lang='lat' dir='ltr'><strong>opere</strong></span> <span class='ocrx_word' id='word_1_115' title='bbox 1203 2243 1356 2313; x_wconf 89' lang='lat' dir='ltr'><strong>laudabili</strong></span> 
     </span>
     <span class='ocr_line' id='line_1_19' title="bbox 404 2355 1355 2446; baseline 0.002 -21"><span class='ocrx_word' id='word_1_116' title='bbox 404 2357 564 2446; x_wconf 80' lang='lat' dir='ltr'><strong>diligentia</strong></span> <span class='ocrx_word' id='word_1_117' title='bbox 605 2368 858 2445; x_wconf 89' lang='lat' dir='ltr'><strong>repraesentatae</strong></span> <span class='ocrx_word' id='word_1_118' title='bbox 902 2367 934 2424; x_wconf 90' lang='lat' dir='ltr'><strong>et</strong></span> <span class='ocrx_word' id='word_1_119' title='bbox 975 2355 1152 2422; x_wconf 75' lang='lat' dir='ltr'><strong>felicissime</strong></span> <span class='ocrx_word' id='word_1_120' title='bbox 1188 2358 1355 2446; x_wconf 88' lang='lat' dir='ltr'><strong>suppletae</strong></span> 
     </span>
     <span class='ocr_line' id='line_1_20' title="bbox 402 2470 1371 2552; baseline -0.001 -14"><span class='ocrx_word' id='word_1_121' title='bbox 402 2482 476 2538; x_wconf 88' lang='lat' dir='ltr'><strong>sunt</strong></span> <span class='ocrx_word' id='word_1_122' title='bbox 490 2470 535 2552; x_wconf 70' lang='lat' dir='ltr'><strong>l¹).</strong></span> <span class='ocrx_word' id='word_1_123' title='bbox 1370 2483 1371 2486; x_wconf 75' lang='grc'>’</span> 
     </span>
    </p>
   </div>
   <div class='ocr_carea' id='block_1_5' title="bbox 204 2547 1353 2666">
    <p class='ocr_par' dir='ltr' id='par_1_6' title="bbox 204 2547 1353 2666">
     <span class='ocr_line' id='line_1_21' title="bbox 204 2547 1353 2666; baseline 0.004 -23"><span class='ocrx_word' id='word_1_124' title='bbox 204 2589 281 2643; x_wconf 70' lang='lat' dir='ltr'><strong>Perta</strong></span> <span class='ocrx_word' id='word_1_125' title='bbox 258 2593 351 2662; x_wconf 64' lang='grc' dir='ltr'><strong>ιιῑκιςι</strong></span> <span class='ocrx_word' id='word_1_126' title='bbox 321 2611 378 2648; x_wconf 71' lang='lat' dir='ltr'><strong>mm</strong></span> <span class='ocrx_word' id='word_1_127' title='bbox 474 2582 554 2651; x_wconf 88' lang='lat' dir='ltr'><strong>Inde</strong></span> <span class='ocrx_word' id='word_1_128' title='bbox 583 2606 602 2648; x_wconf 86' lang='lat' dir='ltr'><strong>a</strong></span> <span class='ocrx_word' id='word_1_129' title='bbox 630 2582 723 2650; x_wconf 89' lang='lat' dir='ltr'><strong>scalis</strong></span> <span class='ocrx_word' id='word_1_130' title='bbox 752 2583 823 2666; x_wconf 89' lang='lat' dir='ltr'><strong>(H)</strong></span> <span class='ocrx_word' id='word_1_131' title='bbox 850 2547 1047 2649; x_wconf 72' lang='lat' dir='ltr'><strong>obsidentem</strong></span> <span class='ocrx_word' id='word_1_132' title='bbox 1078 2603 1188 2649; x_wconf 91' lang='lat' dir='ltr'><strong>versus</strong></span> <span class='ocrx_word' id='word_1_133' title='bbox 1222 2582 1353 2650; x_wconf 88' lang='lat' dir='ltr'><strong>alterum</strong></span> 
     </span>
    </p>
   </div>
   <div class='ocr_carea' id='block_1_6' title="bbox 196 2662 378 2720">
    <p class='ocr_par' dir='ltr' id='par_1_7' title="bbox 196 2662 378 2720">
     <span class='ocr_line' id='line_1_22' title="bbox 196 2662 378 2720; baseline 0.029 -6"><span class='ocrx_word' id='word_1_134' title='bbox 196 2662 358 2718; x_wconf 67' lang='lat' dir='ltr'><strong>meridiano!</strong></span> <span class='ocrx_word' id='word_1_135' title='bbox 346 2668 378 2720; x_wconf 77' lang='lat' dir='ltr'><strong>le</strong></span> 
     </span>
    </p>
   </div>
   <div class='ocr_carea' id='block_1_7' title="bbox 401 2694 1352 2785">
    <p class='ocr_par' dir='ltr' id='par_1_8' title="bbox 401 2694 1352 2785">
     <span class='ocr_line' id='line_1_23' title="bbox 401 2694 1352 2785; baseline -0.002 -23"><span class='ocrx_word' id='word_1_136' title='bbox 401 2696 599 2785; x_wconf 76' lang='lat' dir='ltr'><strong>peristyliurn</strong></span> <span class='ocrx_word' id='word_1_137' title='bbox 627 2695 682 2778; x_wconf 89' lang='lat' dir='ltr'><strong>(l)</strong></span> <span class='ocrx_word' id='word_1_138' title='bbox 715 2697 885 2782; x_wconf 88' lang='lat' dir='ltr'><strong>reperitur,</strong></span> <span class='ocrx_word' id='word_1_139' title='bbox 921 2694 1170 2782; x_wconf 79' lang='lat' dir='ltr'><strong>quattuordecim</strong></span> <span class='ocrx_word' id='word_1_140' title='bbox 1198 2694 1352 2761; x_wconf 90' lang='lat' dir='ltr'><strong>columnis</strong></span> 
     </span>
    </p>
   </div>
   <div class='ocr_carea' id='block_1_8' title="bbox 341 2806 1354 2894">
    <p class='ocr_par' dir='ltr' id='par_1_9' title="bbox 341 2806 1354 2894">
     <span class='ocr_line' id='line_1_24' title="bbox 341 2806 1354 2894; baseline -0.003 -19"><span class='ocrx_word' id='word_1_141' title='bbox 341 2877 346 2886; x_wconf 75' lang='grc'>,</span> <span class='ocrx_word' id='word_1_142' title='bbox 403 2819 567 2889; x_wconf 85' lang='lat' dir='ltr'><strong>constans,</strong></span> <span class='ocrx_word' id='word_1_143' title='bbox 596 2830 678 2894; x_wconf 89' lang='lat' dir='ltr'><strong>quae</strong></span> <span class='ocrx_word' id='word_1_144' title='bbox 698 2806 865 2894; x_wconf 82' lang='lat' dir='ltr'><strong>peristylio</strong></span> <span class='ocrx_word' id='word_1_145' title='bbox 888 2807 1033 2873; x_wconf 89' lang='lat' dir='ltr'><strong>orientali</strong></span> <span class='ocrx_word' id='word_1_146' title='bbox 1054 2808 1123 2890; x_wconf 85' lang='lat' dir='ltr'><strong>(A)</strong></span> <span class='ocrx_word' id='word_1_147' title='bbox 1151 2818 1182 2873; x_wconf 91' lang='lat' dir='ltr'><strong>et</strong></span> <span class='ocrx_word' id='word_1_148' title='bbox 1203 2809 1354 2893; x_wconf 79' lang='lat' dir='ltr'><strong>magnitu-</strong></span> 
     </span>
    </p>
   </div>
   <div class='ocr_carea' id='block_1_9' title="bbox 402 2917 1353 3120">
    <p class='ocr_par' dir='ltr' id='par_1_10' title="bbox 402 2917 1353 3120">
     <span class='ocr_line' id='line_1_25' title="bbox 403 2917 1353 2999; baseline -0.001 -13"><span class='ocrx_word' id='word_1_149' title='bbox 403 2919 477 2986; x_wconf 93' lang='lat' dir='ltr'><strong>dine</strong></span> <span class='ocrx_word' id='word_1_150' title='bbox 506 2917 638 2999; x_wconf 89' lang='lat' dir='ltr'><strong>cedunt,</strong></span> <span class='ocrx_word' id='word_1_151' title='bbox 663 2940 725 2984; x_wconf 87' lang='lat' dir='ltr'><strong>uec</strong></span> <span class='ocrx_word' id='word_1_152' title='bbox 752 2929 814 2984; x_wconf 87' lang='lat' dir='ltr'><strong>tam</strong></span> <span class='ocrx_word' id='word_1_153' title='bbox 841 2918 926 2985; x_wconf 91' lang='lat' dir='ltr'><strong>bene</strong></span> <span class='ocrx_word' id='word_1_154' title='bbox 947 2930 1090 2985; x_wconf 87' lang='lat' dir='ltr'><strong>servatae</strong></span> <span class='ocrx_word' id='word_1_155' title='bbox 1111 2928 1193 2986; x_wconf 82' lang='lat' dir='ltr'><strong>suut.</strong></span> <span class='ocrx_word' id='word_1_156' title='bbox 1243 2919 1353 2985; x_wconf 83' lang='lat' dir='ltr'><strong>Trium</strong></span> 
     </span>
     <span class='ocr_line' id='line_1_26' title="bbox 402 3028 1353 3120; baseline -0.003 -23"><span class='ocrx_word' id='word_1_157' title='bbox 402 3042 565 3120; x_wconf 83' lang='lat' dir='ltr'><strong>portannn</strong></span> <span class='ocrx_word' id='word_1_158' title='bbox 585 3033 716 3118; x_wconf 80' lang='lat' dir='ltr'><strong>vestigia</strong></span> <span class='ocrx_word' id='word_1_159' title='bbox 738 3030 1022 3112; x_wconf 81' lang='lat' dir='ltr'><strong>animadvertimus,</strong></span> <span class='ocrx_word' id='word_1_160' title='bbox 1051 3053 1181 3118; x_wconf 87' lang='lat' dir='ltr'><strong>quarum</strong></span> <span class='ocrx_word' id='word_1_161' title='bbox 1203 3028 1285 3096; x_wconf 82' lang='lat' dir='ltr'><strong>duae</strong></span> <span class='ocrx_word' id='word_1_162' title='bbox 1306 3028 1353 3094; x_wconf 83' lang='lat' dir='ltr'><strong>la-</strong></span> 
     </span>
    </p>
   </div>
   <div class='ocr_carea' id='block_1_10' title="bbox 296 3140 1352 3230">
    <p class='ocr_par' dir='ltr' id='par_1_11' title="bbox 296 3140 1352 3230">
     <span class='ocr_line' id='line_1_27' title="bbox 296 3140 1352 3230; baseline -0.003 -19"><span class='ocrx_word' id='word_1_163' title='bbox 296 3225 298 3230; x_wconf 28' lang='lat'><strong>,</strong></span> <span class='ocrx_word' id='word_1_164' title='bbox 402 3141 518 3211; x_wconf 90' lang='lat' dir='ltr'><strong>terales</strong></span> <span class='ocrx_word' id='word_1_165' title='bbox 546 3144 600 3224; x_wconf 87' lang='lat'><strong>&lt;1¹</strong></span> <span class='ocrx_word' id='word_1_166' title='bbox 634 3153 666 3210; x_wconf 91' lang='lat' dir='ltr'><strong>et</strong></span> <span class='ocrx_word' id='word_1_167' title='bbox 692 3145 750 3230; x_wconf 82' lang='lat'><strong>1³)</strong></span> <span class='ocrx_word' id='word_1_168' title='bbox 777 3143 862 3210; x_wconf 92' lang='lat' dir='ltr'><strong>baud</strong></span> <span class='ocrx_word' id='word_1_169' title='bbox 890 3155 976 3211; x_wconf 89' lang='lat' dir='ltr'><strong>certa</strong></span> <span class='ocrx_word' id='word_1_170' title='bbox 989 3143 1260 3214; x_wconf 72' lang='lat' dir='ltr'><strong>,architectonices</strong></span> <span class='ocrx_word' id='word_1_171' title='bbox 1279 3140 1352 3230; x_wconf 76' lang='lat' dir='ltr'><strong>lege</strong></span> 
     </span>
    </p>
   </div>
   <div class='ocr_carea' id='block_1_11' title="bbox 401 3253 1353 3684">
    <p class='ocr_par' dir='ltr' id='par_1_12' title="bbox 401 3253 1353 3684">
     <span class='ocr_line' id='line_1_28' title="bbox 401 3253 1353 3323; baseline 0.003 -4"><span class='ocrx_word' id='word_1_172' title='bbox 401 3265 476 3320; x_wconf 90' lang='lat' dir='ltr'><strong>sunt</strong></span> <span class='ocrx_word' id='word_1_173' title='bbox 498 3254 685 3322; x_wconf 87' lang='lat' dir='ltr'><strong>collocatae.</strong></span> <span class='ocrx_word' id='word_1_174' title='bbox 728 3255 871 3322; x_wconf 87' lang='lat' dir='ltr'><strong>Diversis</strong></span> <span class='ocrx_word' id='word_1_175' title='bbox 894 3260 976 3322; x_wconf 89' lang='lat' dir='ltr'><strong>enim</strong></span> <span class='ocrx_word' id='word_1_176' title='bbox 998 3256 1151 3323; x_wconf 88' lang='lat' dir='ltr'><strong>columnis</strong></span> <span class='ocrx_word' id='word_1_177' title='bbox 1173 3253 1259 3320; x_wconf 80' lang='lat' dir='ltr'><strong>affixi</strong></span> <span class='ocrx_word' id='word_1_178' title='bbox 1280 3264 1353 3322; x_wconf 92' lang='lat' dir='ltr'><strong>sunt</strong></span> 
     </span>
     <span class='ocr_line' id='line_1_29' title="bbox 401 3365 1352 3458; baseline 0 -26"><span class='ocrx_word' id='word_1_179' title='bbox 401 3376 565 3454; x_wconf 88' lang='lat' dir='ltr'><strong>portarum</strong></span> <span class='ocrx_word' id='word_1_180' title='bbox 592 3377 716 3458; x_wconf 84' lang='lat' dir='ltr'><strong>postes,</strong></span> <span class='ocrx_word' id='word_1_181' title='bbox 742 3379 839 3456; x_wconf 88' lang='lat' dir='ltr'><strong>prout</strong></span> <span class='ocrx_word' id='word_1_182' title='bbox 866 3367 1087 3435; x_wconf 84' lang='lat' dir='ltr'><strong>accedentibus</strong></span> <span class='ocrx_word' id='word_1_183' title='bbox 1113 3366 1189 3434; x_wconf 91' lang='lat' dir='ltr'><strong>inde</strong></span> <span class='ocrx_word' id='word_1_184' title='bbox 1217 3365 1352 3432; x_wconf 87' lang='lat' dir='ltr'><strong>alitore</strong></span> 
     </span>
     <span class='ocr_line' id='line_1_30' title="bbox 405 3461 1352 3570; baseline -0.001 -26"><span class='ocrx_word' id='word_1_185' title='bbox 405 3479 674 3548; x_wconf 89' lang='lat' dir='ltr'><strong>commodissimus</strong></span> <span class='ocrx_word' id='word_1_186' title='bbox 707 3479 767 3547; x_wconf 88' lang='lat' dir='ltr'><strong>fuit</strong></span> <span class='ocrx_word' id='word_1_187' title='bbox 799 3461 964 3570; x_wconf 79' lang='lat' dir='ltr'><strong>ingressus.</strong></span> <span class='ocrx_word' id='word_1_188' title='bbox 1023 3483 1109 3548; x_wconf 87' lang='lat' dir='ltr'><strong>Tota</strong></span> <span class='ocrx_word' id='word_1_189' title='bbox 1140 3479 1196 3547; x_wconf 88' lang='lat' dir='ltr'><strong>illa</strong></span> <span class='ocrx_word' id='word_1_190' title='bbox 1228 3478 1352 3545; x_wconf 90' lang='lat' dir='ltr'><strong>insulae</strong></span> 
     </span>
     <span class='ocr_line' id='line_1_31' title="bbox 402 3573 1352 3684; baseline 0.002 -28"><span class='ocrx_word' id='word_1_191' title='bbox 402 3601 492 3678; x_wconf 91' lang='lat' dir='ltr'><strong>parte</strong></span> <span class='ocrx_word' id='word_1_192' title='bbox 514 3573 668 3680; x_wconf 83' lang='lat' dir='ltr'><strong>nusquam</strong></span> <span class='ocrx_word' id='word_1_193' title='bbox 690 3593 875 3684; x_wconf 83' lang='lat' dir='ltr'><strong>angulorum</strong></span> <span class='ocrx_word' id='word_1_194' title='bbox 895 3606 1054 3660; x_wconf 91' lang='lat' dir='ltr'><strong>rectorum</strong></span> <span class='ocrx_word' id='word_1_195' title='bbox 1074 3596 1156 3660; x_wconf 90' lang='lat' dir='ltr'><strong>ratio</strong></span> <span class='ocrx_word' id='word_1_196' title='bbox 1175 3590 1282 3659; x_wconf 83' lang='lat' dir='ltr'><strong>habite</strong></span> <span class='ocrx_word' id='word_1_197' title='bbox 1296 3602 1352 3672; x_wconf 89' lang='lat' dir='ltr'><strong>est,</strong></span> 
     </span>
    </p>
   </div>
   <div class='ocr_carea' id='block_1_12' title="bbox 436 3796 1270 3928">
    <p class='ocr_par' dir='ltr' id='par_1_13' title="bbox 436 3796 1270 3928">
     <span class='ocr_line' id='line_1_32' title="bbox 436 3796 1270 3928; baseline -0.007 -32"><span class='ocrx_word' id='word_1_198' title='bbox 436 3836 463 3906; x_wconf 67' lang='lat'><strong>⁴)</strong></span> <span class='ocrx_word' id='word_1_199' title='bbox 481 3837 582 3897; x_wconf 65' lang='lat' dir='ltr'><strong>nece..</strong></span> <span class='ocrx_word' id='word_1_200' title='bbox 593 3839 627 3896; x_wconf 74' lang='lat' dir='ltr'><strong>rs</strong></span> <span class='ocrx_word' id='word_1_201' title='bbox 644 3837 709 3912; x_wconf 75' lang='lat' dir='ltr'><strong>lug.</strong></span> <span class='ocrx_word' id='word_1_202' title='bbox 726 3836 833 3913; x_wconf 74' lang='lat' dir='ltr'><strong>aaoqa</strong></span> <span class='ocrx_word' id='word_1_203' title='bbox 851 3834 890 3894; x_wconf 84' lang='lat' dir='ltr'><strong>rr.</strong></span> <span class='ocrx_word' id='word_1_204' title='bbox 908 3833 954 3904; x_wconf 82' lang='lat' dir='ltr'><strong>lv,</strong></span> <span class='ocrx_word' id='word_1_205' title='bbox 971 3838 996 3892; x_wconf 88' lang='lat' dir='ltr'><strong>e.</strong></span> <span class='ocrx_word' id='word_1_206' title='bbox 1015 3837 1057 3892; x_wconf 86' lang='lat' dir='ltr'><strong>eo.</strong></span> <span class='ocrx_word' id='word_1_207' title='bbox 1076 3836 1127 3910; x_wconf 80' lang='lat' dir='ltr'><strong>ar.¹</strong></span> <span class='ocrx_word' id='word_1_208' title='bbox 1150 3796 1157 3814; x_wconf 76' lang='grc'>’</span> <span class='ocrx_word' id='word_1_209' title='bbox 1180 3921 1182 3928; x_wconf 14' lang='lat' dir='ltr'>y</span> <span class='ocrx_word' id='word_1_210' title='bbox 1262 3813 1270 3830; x_wconf 90' lang='lat'>&#39;</span> 
     </span>
    </p>
   </div>
   <div class='ocr_carea' id='block_1_13' title="bbox 0 0 1506 4544">
    <p class='ocr_par' dir='ltr' id='par_1_14' title="bbox 0 0 1506 4544">
     <span class='ocr_line' id='line_1_33' title="bbox 0 0 1506 4544; baseline 0 2"><span class='ocrx_word' id='word_1_211' title='bbox 0 0 1506 4544; x_wconf 95' lang='lat' dir='ltr'><strong> </strong></span> 
     </span>
    </p>
   </div>
  </div>
 </body>
</html>
