3002 4544
424 319 473 390 60

257 507 331 566 Pars
350 505 369 566 t.
423 505 496 574 stat,
523 493 629 560 locum
657 493 839 582 appellendr'
865 497 899 560 in
925 495 1027 562 irtsula
1055 495 1104 562 his
1126 485 1180 563 rel
1201 507 1251 562 ter
1273 509 1371 564 muta-

424 617 503 686 tum,
531 617 563 672 et
589 629 607 672 a
628 607 757 672 meridie
779 607 827 704 ad¹
841 589 1086 695 septentrionem
1109 607 1269 675 demotum
1292 633 1372 688 esse,
1486 645 1487 656 2

423 740 490 785 non
516 741 696 806 possumus,
726 723 801 806 quin
829 739 989 786 sacrorum
1013 720 1205 788 Phileusium
1234 724 1371 810 origiues

425 832 467 899 ad
487 835 721 898 remotissimam
742 833 914 898 referamus
937 835 1157 920 antiquitatem.

266 1185 362 1239 Ptine
491 1166 525 1232 Si
548 1188 641 1252 quem
662 1170 814 1236 viatorem
837 1152 1047 1249 delectatio
1068 1171 1278 1234 monumentis
1292 1191 1372 1255 ope-

240 1256 389 1379 vipttptritpm
423 1300 490 1344 ‘³¹¹1
517 1279 677 1360 c⁰lliioare
700 1293 732 1348 et
754 1285 966 1370 antiquitatem
987 1283 1160 1367 inquirere,
1188 1280 1295 1346 nullus
1318 1279 1371 1344 lo·
1488 1279 1489 1282 ’

228 1397 399 1469 gratissime.
425 1415 479 1456 cus
501 1403 569 1460 tota
589 1394 738 1482 Aegypto
761 1399 912 1482 majorem
929 1391 1373 1460 commorandieommodita-

424 1515 488 1571 tem
510 1505 622 1571 afferet
642 1505 749 1572 Philis.
787 1508 880 1592 Quae
904 1510 985 1573 enim
1008 1505 1083 1571 alias
1107 1504 1247 1591 dispersa
1260 1508 1372 1591 jacent,

423 1639 486 1684 nee
504 1613 574 1688 sine
595 1616 708 1683 labore
729 1621 967 1705 investigantur,
991 1641 1029 1682 ea
1052 1621 1155 1682 onmia
1177 1616 1273 1681 Philis
1297 1637 1373 1680 eon-

423 1731 538 1814 juncta¹
555 1739 635 1804 sunt
687 1730 884 1816 Quamquam
907 1733 996 1818 enim¹
1011 1741 1115 1795 cetera
1137 1730 1275 1814 Aegypti
1296 1737 1373 1796 tem-

405 1841 479 1928 'pla
510 1846 639 1908 maxima
670 1865 708 1910 ex
735 1854 824 1929 parte
853 1843 938 1910 haud
965 1843 1061 1928 longe
1091 1831 1116 1924 a
1136 1840 1213 1906 Nilo
1243 1839 1372 1904 distant:

422 1955 580 2023 nonnulla
601 1966 720 2034 tamen,
742 1956 1069 2032 fluviotumeseente,
1098 1957 1171 2018 satis
1199 1952 1372 2039 longinquo

423 2067 542 2127 itinere
562 2085 622 2148 per
649 2083 776 2146 aggeres
807 2073 839 2125 et
867 2061 1012 2146 ambages
1041 2061 1200 2139 adeunda,
1227 2062 1288 2127 alia
1316 2086 1375 2149 per
1488 2063 1489 2126 l

423 2176 547 2236 montes
569 2181 708 2235 remotos
731 2170 869 2256 petenda
890 2183 976 2248 suut;
999 2208 1043 2220 -
1065 2173 1161 2238 Philis
1184 2185 1286 2239 autem
1307 2197 1375 2240 mo-

420 2293 571 2377 numenta
588 2286 705 2380 omnia,
718 2269 934 2368 angustissimo
950 2282 1025 2348 loeo
1042 2285 1276 2370 comprehensa,
1292 2299 1375 2372 'pau-

425 2415 534 2460 corum
562 2417 711 2482 passuum
732 2400 834 2482 spatio
864 2396 1090 2483 disjungentur.
1142 2397 1176 2462 Si
1203 2401 1296 2485 igitur
1316 2421 1374 2485 per

424 2507 534 2595 plures
563 2508 630 2573 dies
645 2483 702 2574 'ibi
730 2511 1103 2590 commorari'statueris,
1131 2499 1199 2576 noli
1227 2513 1260 2576 in
1288 2514 1373 2576 navi-.

495 2753 630 2824 ridionale,
650 2751 726 2812 Deae
742 2753 845 2812 Hathor
861 2775 877 2811 a
893 2753 1058 2823 Nectaneho,
1076 2754 1167 2812 ultimo
1185 2755 1374 2832 Aegyptiorum

494 2859 583 2918 rege,
600 2841 764 2912 dedicatum,
793 2851 821 2899 et
845 2842 963 2916 portien·
984 2840 1174 2920 Imperatorum
1196 2839 1374 2900 Romanorum

494 2940 615 3006 tempore
639 2939 769 2986 exstructa
791 2937 859 2986 eunt
899 2923 985 3003 Magni
1006 2928 1098 3005 templi
1119 2930 1231 3006 primum
1247 2929 1341 2984 atrium
1358 2947 1375 2983 a

495 3014 646 3073 Ptolemaeo
671 3015 861 3084 Philometore,
888 3013 994 3091 adytum
1017 3037 1032 3070 a
1053 3015 1234 3092 Philadelpho,
1255 3034 1375 3092 prenaon

496 3103 528 3160 ab
554 3103 685 3179 Euergete
711 3103 742 3160 ll.
774 3101 1072 3180 eondita31eulpturte
1097 3112 1182 3159 antem
1209 3102 1375 3176 regnantibus

497 3189 616 3266 Augusto
642 3201 670 3248 et
686 3189 793 3248 Trherio
816 3189 931 3264 adjectae
953 3199 1020 3247 suut.
1062 3189 1133 3260 luter
1153 3189 1244 3246 ambos
1264 3187 1375 3267 pylones

497 3279 584 3354 magni
606 3275 683 3334 leidis
700 3277 792 3355 templi
810 3276 843 3333 ad
859 3273 957 3332 laevam
974 3275 1096 3333 sacellum
1114 3274 1240 3336 columnis
1257 3285 1375 3332 ornatam
1486 3261 1487 3320 l

496 3375 595 3434 exstat,
612 3364 688 3421 Deae
704 3360 806 3422 lluther
823 3372 851 3419 et
867 3362 931 3420 Isidi
946 3363 1083 3435 Ὡροτόκῳ
1102 3361 1224 3432 dicatum,
1241 3364 1314 3436 eujus
1331 3383 1374 3419 sn·

496 3452 642 3526 tiquissima
664 3471 725 3530 pars
747 3449 925 3507 Ptolemaeum
946 3449 1109 3528 Epiphaneae
1130 3449 1173 3506 vel
1194 3448 1277 3506 filium
1294 3449 1375 3506 Ever-

466 3552 467 3562 ’
496 3545 583 3609 getem
600 3537 631 3594 ll.
651 3548 771 3596 auctores
788 3536 880 3606 hahet,
897 3535 1044 3592 aedificium
1061 3535 1095 3592 ad
1112 3529 1229 3612 dextram
1245 3536 1375 3593 Philome-

497 3625 550 3679 tori
576 3632 618 3678 est
640 3624 864 3682 adscribendum.“
888 3653 921 3663 -
947 3621 1042 3699 Aquo
1059 3622 1227 3680 vehementer
1244 3623 1375 3702 discrepat
1488 3631 1489 3674 i

496 3707 641 3766 Laneretus
663 3713 695 3767 in>
713 3712 899 3790 Descriptione
921 3730 980 3787 pag.
1003 3713 1063 3778 111,
1086 3707 1374 3768 affirmanszfreeentis-

412 3819 413 3826 ¹
496 3799 561 3852 sima
578 3795 709 3854 Philamm
721 3795 843 3872 ⁸aedificia
854 3795 1015 3875 Aegyptiace
1025 3799 1160 3856 minimam
1172 3807 1231 3856 ante
1242 3797 1374 3858 hostete
1488 3829 1489 3856 t

429 3939 436 3954 ,
496 3901 577 3940 annos
596 3892 726 3944 exstructa
744 3881 833 3944 trisse.
1074 3907 1076 3912 ⁴
1180 3910 1183 3925 ι

1100 3981 1117 4014 ι
