3002 4544
1064 275 1139 366 23,

167 451 279 539 bisque
312 451 500 519 videntibus·
524 451 653 518 leonum
686 464 802 519 statuas
831 455 1056 539 antiquissimas
1084 451 1117 519 in
1168 465 1243 522 Pras
1261 461 1281 522 l.

165 568 346 632 memoriam
378 564 571 630 reducebant
601 568 691 652 Argis
704 585 713 608 ³
725 565 879 656 Graeciae
915 587 1009 651 supra
1042 575 1117 651 por-

166 690 229 744 tam
256 677 343 742 urbis
372 678 553 743 collocatas.
603 677 765 743 Leonibus
795 677 859 744 duo
886 677 1115 744 obeliscion
1165 698 1286 754 Obelisci.

167 793 335 875 antepositi
356 773 458 869 eraut3
482 791 608 856 alterius
630 791 801 878 fragmenta
822 795 913 856 ctiam
926 813 1011 855 nunc
1024 811 1115 875 repe-

165 906 300 979 riuntur3
335 902 415 969 alter
446 925 509 968 una
537 921 607 968 eum
634 903 703 970 basi
731 928 749 970 a
776 904 932 970 Belzonio
960 886 1113 967 Paduano

166 1015 544 1083 armolllDCCCXVlll.
558 1018 798 1084 inustanciam
814 1016 936 1082 delatus
960 1026 1007 1081 est
1027 1017 1115 1102 jussu

165 1135 198 1191 et
229 1130 377 1214 impensis
409 1129 548 1195 Banlrsii.
588 1130 691 1197 sCum
725 1129 857 1196 obelisci
876 1109 986 1194 ¹latera
1019 1129 1120 1213 signis

140 1240 408 1327 hieroglyphicis
442 1241 564 1328 repleta
594 1245 669 1321 sint,
703 1242 851 1327 basisque
878 1243 1114 1326 inscriptionem

164 1373 305 1438 graecam
326 1358 399 1419 satis
421 1353 548 1440 longam
570 1337 722 1434 exhibeat,
744 1375 816 1441 spes
837 1353 939 1438 nuper
954 1363 1029 1430 erat,
1052 1357 1114 1414 am‘-

161 1464 276 1530 borum
298 1471 388 1553 quasi
408 1466 521 1550 lapidis
540 1466 687 1552 bilinguis
708 1465 924 1542 collationem,
953 1463 1112 1527 literarum

163 1599 320 1643 sacrantm
346 1581 556 1662 cognitionem
585 1579 707 1664 egregie
735 1575 908 1662 adjuturam
938 1595 1020 1638 esse:
1055 1572 1113 1637 scd

163 1712 275 1776 graeca
301 1701 421 1756 tantum
447 1692 609 1774 inscriptio
633 1689 838 1752 Letronnium
878 1685 918 1767 (l.
946 1685 967 1750 l.
991 1708 1022 1771 p.
1046 1685 1111 1750 297

163 1805 247 1887 sqq.)
269 1806 496 1887 sagacissimum
517 1805 719 1883 interpretem
740 1810 833 1863 nacta
855 1809 916 1872 cst;
940 1801 1026 1882 signa
1048 1799 1112 1860 hic-

163 1912 350 1996 roglyphice
375 1913 430 1995 qui
458 1908 641 1993 explicaret,
669 1927 764 1971 nemo
786 1908 847 1970 huc
867 1926 968 1992 usquc
992 1909 1114 1984 exstitit,

165 2024 303 2108 quamvis
326 2021 370 2086 st.
393 2021 547 2083 Martinus
576 2028 608 2083 et
631 1997 857 2101 Champolliou
885 2021 989 2081 minor
1011 2016 1114 2082 decla·

162 2144 278 2210 raruut,
301 2131 433 2203 obelisci
455 2151 558 2194 sacras
580 2128 688 2193 literas
703 2129 878 2194 Ptolemaei
898 2149 1016 2193 nornen
1039 2151 1114 2192 con·
1192 2133 1198 2146 '

162 2249 277 2324 tinere,
304 2265 410 2329 neque
433 2240 561 2304 dubium
584 2263 668 2319 esse,
698 2244 774 2326 quin
800 2244 960 2327 petitionis
982 2261 1113 2326 graecae

162 2359 454 2442 interpretationem
474 2356 687 2446 aegyptiacam
710 2352 899 2418 exhiberent.

230 2471 354 2534 Graeca
387 2465 520 2531 obelisci
550 2467 711 2550 inscriptio
743 2468 912 2530 memoriae
945 2465 1039 2546 tradit
1066 2485 1113 2528 sa·
1138 2449 1311 2524 taceruoeim

163 2581 327 2650 cerdoturu
353 2578 543 2643 Philensium
569 2599 695 2662 preces,
724 2599 801 2662 quas
833 2579 899 2661 regi
926 2575 1112 2640 Ptolemaeo
1164 2537 1281 2608 rogatio:

161 2697 311 2780 Euergeti
333 2694 371 2756 ll.
394 2689 469 2756 olim
491 2689 672 2782 attulerant,
694 2699 728 2753 ut
750 2687 958 2752 liberarentur
980 2710 998 2750 a
1020 2707 1113 2750 vexa-

163 2807 301 2878 tionibus
328 2803 557 2890 praefectorum
586 2812 617 2866 et
644 2794 783 2865 militum.
840 2801 956 2867 Mirum
984 2795 1112 2883 quibus-

164 2921 236 2986 dam
257 2916 429 2993 vidcbitur,
452 2911 540 3000 quod
562 2911 705 2977 obelisco
725 2916 871 2998 inscripta
896 2923 942 2976 est
965 2890 1112 2977 sacerllo.

163 3045 229 3098 tum
249 3032 386 3116 rogatio,
413 3029 465 3096 cui
485 3023 843 3111 inscribendum-potius
873 3035 939 3088 erat
954 3026 1041 3110 regis
1063 3043 1112 3102 re-

164 3166 328 3232 sponsum,
352 3138 409 3205 sed
433 3149 464 3203 et
484 3139 565 3202 hauc
584 3135 802 3202 difficultatem
823 3139 956 3203 removit
978 3137 1112 3197 Letron-
1204 3127 1205 3132 ’

163 3261 234 3324 nius
248 3259 332 3343 (pag.
347 3253 436 3332 337.)
451 3253 509 3316 bac
523 3251 687 3337 proposita
708 3251 874 3315 sententia:
897 3269 1002 3334 regem
1015 3247 1049 3308 in
1062 3265 1112 3318 re-

149 3357 284 3456 -lsponso
301 3365 485 3444 satisfecisse
499 3360 645 3452 precihus
659 3343 865 3436 sacerdotum,
886 3361 930 3423 ita
943 3369 1055 3435 tamen,
1069 3368 1111 3434 ut,

163 3483 358 3567 rogationem
378 3479 557 3563 respiciens,
574 3474 698 3560 singula
708 3523 709 3528 η
721 3493 866 3560 quaeque
881 3493 948 3535 non
962 3490 1113 3548 memora-

164 3597 254 3672 verit,
274 3590 455 3662 sacerdotcs
475 3592 566 3674 igitur
582 3601 614 3656 et
628 3589 870 3676 rogationem
894 3594 925 3648 ct
946 3601 1112 3668 respon-

166 3731 244 3776 sum
266 3706 363 3771 literis
378 3702 556 3778 mandasse;
578 3702 674 3786 idque
697 3722 889 3786 responsum,
912 3689 982 3762 cum
1005 3698 1035 3758 in
1052 3693 1112 3756 alia

165 3820 358 3887 monimenti
384 3825 473 3906 parte
501 3814 555 3879 vel
581 3813 704 3884 alicubi.
724 3813 901 3888 exstitisset,
937 3818 990 3876 aut
1018 3806 1111 3892 plane
1175 3839 1176 3843 =
