3002 4544
236 479 311 536 Pana
328 475 361 533 lh

223 2484 383 2540 Ammianus

203 2556 388 2612 Marcellinus.

406 295 455 367 96

408 475 549 540 notitiam
577 472 690 552 husten
714 477 930 562 quaesivimus.
983 475 1020 542 ln
1050 485 1222 540 cataractae
1245 473 1361 540 descri-

409 588 528 672 ptione,
543 609 625 674 quae
637 586 760 674 legatur
772 587 956 674 dignissima,
969 588 1125 653 Philarum
1136 591 1169 652 in
1182 599 1361 652 transcursu

410 702 528 786 mentio
549 699 631 766 facta
651 711 711 764 ost:
738 696 780 776 ὡς
799 696 911 790 ἀνῄειν
930 702 983 768 ἐπὶ
1000 694 1076 778 τοὺς
1094 693 1236 784 βωμοὺς,
1251 702 1361 786 inquit,

412 797 452 875 οὗ
470 817 543 887 τοῖς
557 811 730 900 Αἰθίοψίν
750 817 838 876 ἐστιν
859 809 881 891 η
905 806 1044 902 φρουροὶ,
1065 807 1228 892 πολὺτῆς
1253 803 1362 896 ὄχθης

411 918 610 999 ἀποσπάσας
638 924 698 988 τοῦ
725 925 892 1008 ποταμοῦ,
920 917 1065 1012 ὑπερβάς
1092 925 1145 989 ἐπὶ
1166 917 1227 988 τὸν
1249 917 1362 1011 ὅρμου,

412 1029 449 1110 ὅς
477 1040 548 1101 ἐστι
573 1033 703 1122 πρῶτος
730 1032 810 1122 ὑπὲρ
832 1030 1062 1114 καταδούπων,
1091 1040 1136 1112 εἰς
1161 1035 1268 1110 Φίλας
1298 1033 1363 1132 ὃιέι-

410 1145 533 1228 βαλον·
563 1147 631 1212 ἔστι
659 1141 777 1226 ὃάὕτη
805 1149 907 1227 νῆσος
928 1142 1093 1235 μεθόριον
1113 1141 1285 1230 Αἰγύπτου
1306 1146 1363 1210 καὶ

410 1257 599 1334 Αἰθιοπίας
627 1254 771 1339 τοσαύτη
799 1252 838 1324 τὸ
865 1259 1012 1343 ’μέγεθος
1034 1253 1157 1345 ὅσηπερ
1179 1254 1201 1337 ἡ
1224 1262 1259 1322 ἐν
1281 1253 1364 1347 αὐτῇ

411 1362 520 1444 πόλις·
554 1372 699 1459 περιρρεῖ
725 1365 910 1451 δἀὐτὴνιὸ
940 1371 1061 1446 Νεῖλος
1090 1367 1232 1455 ν’ριριβῶς
1252 1363 1365 1456 μέσην

412 1481 531 1546 ἑαυτοῦ
551 1482 671 1547 ποιῶν·
694 1483 763 1547 ἐπεὶ
778 1478 938 1574 ἐπανῄειν,
961 1477 1102 1570 ἐχώρουν
1116 1483 1176 1566 μὲν
1189 1475 1290 1546 πάλιν
1303 1472 1365 1558 τὴν

413 1585 517 1672 αὐτὴν
539 1587 606 1658 ιἰπὸ
629 1595 695 1659 τῶν
720 1594 840 1674 Φιλῶν,
862 1597 918 1660 καὶ
940 1589 1158 1682 προςεδόιιουν
1174 1591 1235 1658 νῦν
1248 1593 1284 1675 χέ
1299 1611 1366 1654 που

412 1699 489 1781 τούς
510 1701 741 1793 καταρράκτας
762 1699 929 1795 ὄψεσθαι,
954 1730 982 1771 κ.
1005 1731 1032 1772 τ.
1056 1708 1101 1784 λ.,
1129 1717 1233 1790 tamen
1260 1704 1368 1766 omnia

414 1838 483 1881 cum
505 1821 636 1883 veritate
660 1822 777 1906 optimc
801 1823 1002 1885 conveniunt
1040 1819 1133 1904 Quae
1149 1815 1258 1902 paullo
1282 1824 1367 1901 post,

413 1942 523 1996 contra
546 1930 760 2010 Herodotum,
790 1931 830 1996 de
852 1933 1079 2018 Elephantincs
1107 1941 1138 1994 et
1160 1928 1283 2013 Syenes
1305 1929 1370 1991 situ

413 2041 506 2103 allert
526 2039 575 2120 ⁴¹⁵),
604 2042 699 2103 urbes
727 2063 794 2103 non
816 2045 968 2102 montium
991 2050 1106 2114 tractu,
1134 2039 1192 2100 sed
1214 2037 1286 2101 solo
1309 2039 1371 2102 ssu-

412 2151 502 2211 minis
532 2147 624 2212 alveo
654 2149 768 2212 divisas
793 2169 877 2226 esse,
907 2169 976 2212 cum
999 2147 1163 2212 Strabonis
1185 2150 1372 2213 narratione

414 2261 629 2339 consentiunt,
659 2281 732 2346 quo,
754 2257 875 2324 facilius
898 2259 1040 2324 Senecae
1068 2271 1100 2325 et
1122 2259 1215 2324 Plinii
1240 2263 1370 2326 notitias

413 2392 508 2457 supra
531 2369 641 2436 allatas
663 2370 905 2458 repudiavimus'.

479 2481 580 2548 Plane
610 2483 753 2550 confudit
782 2485 865 2549 coeli
893 2483 1000 2571 plagas
1019 2459 1371 2550 Ammianushtarcel-

414 2597 506 2676 linus,
528 2595 621 2675 XXll,
644 2598 711 2661 15.:
737 2597 942 2686 „Aegyptiam
965 2608 1089 2684 gentem
1111 2635 1155 2646 —
1177 2620 1195 2661 a
1216 2595 1371 2660 meridiali

414 2709 513 2776 latere
536 2709 646 2795 Syrtes
675 2711 811 2796 majores
839 2719 870 2774 et
898 2710 1026 2796 Phycus
1057 2711 1307 2796 promontorium
1336 2717 1369 2772 et

414 2823 537 2888 Borion
569 2831 601 2886 et
622 2820 827 2886 Garamantes
849 2823 1058 2910 nationesque
1080 2825 1186 2886 variae
1210 2793 1369 2896 claudunt,
1480 2833 1481 2842 ’

416 2957 478 3024 qua
502 2933 666 2998 Orientem
695 2955 721 2997 e.
735 2937 866 3019 regione
887 2927 1054 3021 prospicit,
1082 2933 1313 3019 Elephantinen
1336 2940 1371 2994 et
1415 2931 1418 2938 ’

415 3049 553 3114 Meroen
581 3044 678 3110 urbes
700 3046 891 3131 Aethiopum
914 3059 945 3113 et
969 3045 1154 3132 Catadupos
1175 3043 1370 3128 rubrumque

360 3152 362 3156 .
387 3247 391 3256 ,
416 3158 548 3248 Pelagus
572 3169 604 3224 θῒ
627 3158 775 3228 Scenitas·
791 3158 1007 3245 praetenditur
1020 3155 1152 3236 Arahas,
1175 3177 1256 3242 quos
1277 3154 1372 3220 Sara-

418 3294 516 3339 cenos
538 3293 624 3336 nunc
647 3265 871 3360 app'ellamus.“
896 3308 940 3320 —
973 3271 1053 3356 Quis
1076 3280 1131 3350 est,
1154 3271 1208 3355 qui
1229 3270 1372 3334 intanta

1322 3400 1373 3442 er-

452 3513 480 3585 *)
500 3513 564 3587 ὅπερ
584 3511 633 3570 οὖν
648 3522 719 3588 λέγω,
738 3513 785 3572 οῧκ
804 3514 930 3580 ἀκούσας,
955 3512 1008 3570 ἀλλ’
1028 3517 1087 3570 ἰδὼν
1106 3513 1215 3590 ἇκριβῶς
1233 3522 1304 3583 οἶδα,
1329 3515 1374 3572 ὅτι

486 3601 503 3673 ἦ
526 3598 548 3654 τ’
570 3599 803 3676 'Elepcvalm‘a‘m'
817 3593 920 3664 'chaale
943 3609 996 3657 lonc
1018 3614 1074 3665 τοῖς
1097 3605 1299 3678 κατοῤῥάκτοις,
1322 3626 1374 3678 με-

487 3685 552 3749 ταξύ
569 3711 597 3743 τε
610 3688 712 3761 Συήνης
730 3694 774 3743 καὶ
782 3687 961 3763 Ἐλεφαντίνης
980 3685 1053 3744 οῧὸἐν
1071 3696 1139 3745 ἔστιν
1157 3688 1210 3745 ἀλλ’
1229 3689 1247 3762 ἢ
1264 3683 1299 3745 'ch
1317 3693 1374 3763 ῥεῖ-

487 3784 557 3848 θρον
580 3775 630 3832 τοῦ
652 3775 776 3848 ποταμοῖν
798 3781 842 3832 καὶ
865 3785 996 3848 προςοικεῖ
1019 3776 1067 3846 τὴν
1089 3775 1175 3846 ὄχθην
1194 3782 1303 3852 ἑκατέρα
1320 3775 1374 3830 τῶν

488 3861 586 3917 πόλεων
603 3859 712 3917 τούτων.
