3002 4544
216 478 405 544 Aedifieium
427 463 482 561 (L)
505 475 564 544 sub
588 479 755 560 orientem,
776 474 1010 564 pylunumalis
1033 475 1095 558 (C¹

152 589 223 669 Νι)
259 594 453 676 contiguum,
487 593 626 676 porticus
663 600 709 654 est
737 600 883 668 venusta,
917 589 1007 654 nullo
1037 587 1099 658 alio

153 701 267 766 damno
291 702 391 781 laesa,
417 705 476 768 nisi
500 701 587 788 quod
611 701 745 788 capitula
767 701 921 768 nonnulla
944 702 1101 766 columna-

152 836 227 896 rum,
247 827 319 886 sunt
348 815 478 908 dejecta.
532 816 569 877 In
597 813 798 880 conclavibus
821 817 938 901 parvis,
966 815 1102 901 porticui

152 925 387 1013 adjacentibus,
413 927 445 991 id
472 926 566 994 nobis
594 929 771 992 inusitatum
798 931 898 992 visum
925 938 984 1004 est,
1015 925 1103 1020 quod

153 1040 304 1126 cujusque
328 1061 469 1104 camerae
497 1043 591 1126 janua
614 1061 680 1104 non
701 1043 733 1104 in
755 1039 859 1106 medio
883 1043 1016 1125 pariete,
1045 1038 1102 1102 sed

150 1153 184 1219 in
212 1151 311 1216 latere
341 1151 450 1218 dextro
480 1155 583 1238 posita
613 1164 674 1228 est;
704 1152 846 1217 ultimmn
867 1152 1017 1222 conclave
1040 1173 1103 1216 me-

1155 487 1229 546 Pnns
1246 487 1264 544 1.

1148 601 1272 655 Porticus

1140 671 1284 725 orientalia

60 1277 62 1280 ’
93 1275 97 1284 ’
151 1261 306 1354 ridionale
325 1265 396 1346 (L),
420 1267 507 1350 cujus
530 1276 645 1330 tectum
669 1276 699 1330 et
722 1269 857 1352 parietes
879 1269 976 1330 minis
999 1267 1103 1329 eonci—
1148 1289 1149 1292 ¹

154 1373 282 1455 derunt,
306 1377 375 1468 aiae
399 1377 493 1460 (Cr)
517 1376 598 1442 sures
620 1377 720 1442 multo
746 1377 878 1453 excedit3
904 1416 943 1428 -
966 1374 1103 1440 vestibu-

152 1486 216 1551 lum
240 1511 369 1574 quoque
393 1491 493 1570 (11¹),
521 1493 553 1552 in
578 1489 675 1554 altera
698 1501 786 1573 parte
810 1485 1102 1572 positmn,ins01ito

153 1598 249 1664 mode
284 1601 419 1685 porticui
448 1599 603 1686 adjectum
632 1609 687 1663 est.
745 1599 913 1678 Manifesta
943 1609 990 1662 est
1018 1597 1103 1662 aedis

152 1712 388 1788 inconcinnitas
412 1697 478 1774 si'e
501 1723 584 1776 tecto
610 1733 677 1778 eam
696 1713 931 1794 ,exarninaverim
954 1710 993 1774 ad
1017 1708 1104 1803 qued

135 1845 212 1908 ,per
241 1844 367 1906 parram
396 1824 521 1905 januam
549 1825 608 1902 (a)
637 1821 801 1905 scalasque
835 1825 868 1884 in
898 1820 1026 1905 pylonis
1056 1820 1105 1884 ala

157 1932 258 1998 aditus
304 1942 360 1994 est.
426 1932 502 1994 Non
546 1935 626 1994 enim
670 1934 742 1995 satis
785 1941 883 1995 tutum
927 1930 1105 2016 videbatur,

156 2065 249 2108 unum
278 2053 393 2106 tectum
421 2040 579 2128 lapideum
614 2063 845 2126 superponere,
880 2042 1105 2128 columnasque

153 2157 233 2220 saris
250 2191 255 2206 ι
273 2152 449 2240 ingentibus
486 2175 554 2217 curn
595 2175 685 2217 muro
724 2156 930 2240 conjungere,
971 2175 1106 2241 quapro—

154 2280 225 2354 pter
258 2277 373 2331 tectum
408 2287 494 2330 novo
530 2277 614 2330 tecto
643 2263 818 2343 timuerunt,
854 2267 941 2352 cujus
969 2266 1105 2353 lapidee,

155 2378 261 2460 rudius
286 2377 441 2463 exsculpti,
465 2382 595 2462 primurn
618 2377 770 2463 pylonem
795 2389 886 2444 acuto
903 2378 1018 2464 angulo
1040 2390 1107 2443 tan-

154 2501 245 2578 gunt,
275 2489 363 2575 quod
384 2489 469 2553 iliam
492 2477 626 2554 aedificii
650 2489 887 2577 (bscrepantiam
909 2511 976 2558 non
997 2509 1106 2576 parum
1176 2479 1178 2486 ¹

157 2614 257 2690 auget.
304 2601 449 2666 Similiter
472 2599 605 2678 Thebis,
628 2600 670 2664 ad
691 2601 842 2688 oppidum
864 2595 1010 2678 Karbala,
1037 2624 1107 2688 par-

156 2739 229 2781 vum
251 2714 399 2800 ternplmn
422 2717 602 2800 granitieum
624 2713 687 2778 alio
716 2717 835 2799 majore
862 2712 995 2780 calcario
1019 2715 1107 2799 quasi

153 2827 286 2918 ¹capsula
313 2826 465 2892 inclusum
494 2837 555 2900 est;
586 2825 674 2911 quod
703 2837 806 2890 autem
829 2824 948 2890 Thebis
975 2827 1008 2888 in
1036 2845 1106 2890 san-

158 2943 293 3011 ctissimo
324 2939 442 3006 sacello
472 2938 585 3004 factmn
610 2950 670 3016 est,
698 2936 732 3002 id
760 2941 861 3025 ipsum
883 2937 979 3002 Philis
1000 2939 1106 3024 Aegy.-

159 3055 215 3140 ptii
235 3056 269 3118 in
289 3050 442 3126 ,aedificio
472 3050 658 3119 seemrdario
689 3073 758 3115 esse
786 3050 970 3128 voluerunt,
1000 3071 1106 3135 neque

159 3167 322 3252 quisquam
358 3167 429 3241 erit,
471 3167 524 3250 qui
558 3184 624 3228 non
658 3161 776 3238 videat,
811 3173 927 3228 tantam
962 3179 1106 3226 saxorum

158 3276 274 3346 molem
300 3257 396 3364 magis
431 3275 471 3340 ad
505 3273 721 3354 ever-tendum,
756 3293 848 3360 quam
883 3269 1105 3356 adtuendam

160 3387 336 3458 aedifioimn
386 3398 470 3452 tecto
520 3390 647 3476 imponi.
719 3387 790 3450 Jam
834 3389 991 3450 inuenmt
1032 3406 1106 3450 saxa

158 3500 329 3597 nouanda,
372 3498 496 3584 aliaque
532 3498 621 3589 brevi
657 3497 864 3564 collabentur.
931 3497 1015 3568 Tota
1051 3493 1106 3562 iila

159 3613 267 3700 templi
290 3623 387 3700 parte,
410 3614 578 3698 praecipue
600 3615 632 3676 in
654 3612 764 3698 januis,
787 3613 938 3675 tentaris
959 3607 1106 3674 ruderum
1225 3639 1229 3648 ·

158 3737 309 3813 eongesta
339 3735 400 3803 est,
433 3735 468 3790 ut
495 3727 655 3792 maximam
683 3719 928 3810 ingredientibus
957 3722 1108 3810 objiciant

852 3831 1021 3900 3*Δ
