3002 4544
32 147 33 179 ,
1038 143 1040 148 .

1073 235 1116 308 71

172 411 261 480 utta
282 383 417 510 legatur,
445 411 583 479 Thomas
607 433 625 476 a
648 411 784 492 Piuedo,
813 409 982 494 Abrahami
1004 412 1119 478 Ortelii
1168 425 1243 482 Pras
1263 426 1292 484 u.

168 526 350 609 opinionem
378 533 518 601 secutus,
548 522 633 621 apud
660 507 873 590 Herodotum
891 523 995 608 (Pitu-
1015 545 1118 588 ernen-

167 634 267 714 davit,
288 635 346 700 sed
368 639 400 700 in
421 637 570 721 majorem
592 637 701 702 incidit
727 659 876 714 errorem,
900 636 1022 720 addito:
1050 639 1118 716 „sie

168 751 249 835 enim
277 759 410 838 voratur
437 748 577 829 (ursula)
607 771 625 814 a
655 748 803 814 Diodoro
833 748 941 824 Siculo
970 746 1026 814 lib.
1055 749 1117 813 l.!“

126 858 128 864 ’
168 861 247 946 Quis
278 871 380 926 autem
407 882 475 926 uon
502 860 603 940 videt,
639 865 665 926 si
694 862 845 947 Stephani
872 861 985 936 Phila
1014 859 1117 932 insula

167 983 250 1036 esset
277 972 429 1057 Aegypti,
459 995 602 1058 magnum
626 977 718 1040 etiam
739 975 856 1038 flumen
879 974 1061 1050 Tritonem„
1082 982 1117 1049 ⁸et

164 1084 312 1171 paludem
342 1084 551 1168 Tritonirlem,
580 1085 748 1172 Machlyes
780 1071 916 1172 denique
946 1097 977 1152 et
1004 1086 1116 1162 Auses,

163 1199 196 1260 in
217 1208 350 1283 utraque
371 1196 495 1283 paludis
517 1202 585 1285 ripa
607 1197 782 1267 habitantes
805 1190 938 1280 (Herod.
956 1200 1013 1275 lv,
1029 1199 1117 1278 180),

164 1311 197 1374 in
218 1311 398 1396 Aegyptum
421 1310 657 1378 transferendos
681 1316 768 1379 esse?
804 1311 853 1376 Ex
868 1311 1026 1380 Herodoti
1047 1332 1117 1376 ver-

164 1421 213 1486 bis
236 1424 306 1502 (lV‚
330 1424 403 1498 178,
428 1424 505 1502 179)
528 1427 601 1486 satis
626 1435 763 1508 apparet,
786 1423 919 1488 insulam
938 1417 1013 1500 (1)λά
1036 1425 1116 1499 (non

168 1531 278 1613 (latta)
314 1543 345 1595 et
379 1530 527 1628 paludem
556 1533 753 1598 Tritonidem
787 1533 819 1598 in
855 1533 961 1597 littore
990 1531 1115 1606 Africae

163 1643 288 1710 boreali
310 1642 350 1708 ad
366 1643 477 1729 Syrtes
493 1641 528 1725 *)
553 1643 761 1711 collocandas·
781 1667 866 1719 esse;
894 1644 1015 1714 Φιλίαν
1037 1665 1116 1729 quo-

165 1778 227 1842 que
250 1767 345 1820 vocat
366 1755 544 1840 Stephanus
567 1755 700 1822 insulam
722 1779 747 1820 s.
769 1781 799 1822 v.
829 1750 1020 1840 Τάὲομψος.

160 1897 165 1910 ·
230 1867 279 1930 Ex
300 1869 350 1942 iis,
377 1888 458 1951 quae
481 1866 578 1933 modo
600 1868 772 1946 attulimus,
796 1891 873 1934 curn
888 1870 962 1932 satis
986 1865 1116 1942 eluceat,

162 1979 361 2048 Pharaonem
391 1987 425 2048 et
444 1977 608 2064 Persarum
635 1990 777 2064 tempore
799 1981 937 2064 Aegypti
958 1976 1040 2041 fiues
1063 1998 1116 2041 au-

162 2089 273 2156 strales
294 2092 327 2168 ip
348 2087 559 2174 Elephantine
589 2099 621 2152 et
643 2089 751 2174 Syene
774 2094 893 2182 positas
916 2090 1025 2168 fuisse,
1053 2090 1115 2174 jam

162 2181 427 2290 progrediendum
451 2211 497 2274 est
522 2199 561 2267 ad
583 2201 755 2266 Alexandri
778 2214 920 2278 aetatem.
965 2200 1025 2266 llle
1048 2203 1115 2286 qui·
1235 2198 1242 2222 '

163 2315 234 2386 dem
263 2337 346 2380 anno
376 2315 441 2378 332
465 2336 491 2376 a.
517 2311 575 2378 Ch.
600 2335 630 2378 u.
661 2314 745 2380 facih‘
773 2318 902 2401 negotio
932 2293 1117 2398 Aegyptum
1146 2369 1153 2384 .

161 2425 297 2512 subegit,
330 2421 496 2512 aMajace
519 2435 644 2510 satrapa
670 2427 813 2512 Memphi
840 2430 937 2505 amice
960 2438 1121 2518 receptus,

164 2550 196 2604 ct
216 2538 312 2624 longe
335 2536 476 2603 diversus
499 2559 516 2600 a
533 2535 706 2622 Cambyse,
725 2560 885 2603 sacrorum
900 2539 1118 2625 profanatore,

162 2653 267 2724 omnia
294 2653 343 2714 ita.
366 2651 557 2735 composuit,
586 2660 621 2714 ut
647 2649 725 2717 nihil
754 2673 792 2714 ex
815 2654 917 2736 patrio
940 2652 1115 2737 Aegyptio-

164 2785 231 2828 rum
258 2783 347 2832 more
374 2772 519 2826 mutaret.
569 2762 723 2832 Interiora
745 2784 879 2849 quoque
897 2763 1038 2850 Aegypti
1060 2785 1114 2831 eo·
1144 2805 1149 2816 ·

163 2873 235 2941 dem
267 2885 411 2959 tempore
445 2897 464 2938 a
497 2871 630 2938 Graecis
663 2885 816 2960 occupata
850 2875 963 2952 fuisse,
1000 2897 1037 2940 ex
1071 2897 1116 2940 eo

163 2986 281 3064 elucet,
316 2985 404 3072 quod
437 2982 619 3088 Alexanssr
653 2987 881 3074 Apollonidem
911 2987 1025 3054 Chium
1062 3009 1116 3052 so-

162 3101 292 3185 ciosque
329 3098 514 3188 defectionis
543 3101 616 3161 roob
645 3100 678 3161 in
705 3099 962 3185 Elephantinen,
995 3099 1114 3164 scilieet

162 3214 398 3276 remotissimmn
429 3221 581 3276 terrarum
603 3209 723 3287 locum,
753 3234 821 3284 curu
845 3222 988 3276 accurata
1012 3221 1115 3276 custo-

161 3323 212 3388 dia
234 3311 315 3388 misit
335 3320 401 3404 fl).
446 3323 656 3408 Posteaquam
680 3322 880 3400 Ptolemaeus
903 3323 981 3408 Lagi
1009 3322 1029 3387 f.
1053 3323 1115 3387 Ae

158 3460 361 3474 ——u—-n

30 191 33 258 t

29 259 33 350 l

27 449 30 508 ᾗ

194 3530 217 3600 ‘)
243 3526 275 3586 cl.
299 3527 470 3586 llenuiclre
494 3527 527 3584 de
551 3547 638 3604 geogr.
661 3520 764 3609 Africae
786 3523 937 3584 Herodotea
961 3546 988 3602 p.
1008 3529 1050 3582 20.
1070 3527 1114 3601 qui

231 3614 360 3692 Stephani
378 3635 495 3688 erperem
514 3611 702 3682 animadvertil,
720 3622 807 3668 tamen
825 3611 858 3668 de
875 3613 928 3670 situ
945 3609 1043 3670 insulae
1056 3614 1113 3674 (trid

229 3701 294 3758 uihil
312 3712 383 3760 certe
401 3722 562 3780 proponens.

195 3788 235 3860 “)
251 3787 357 3866 'Arriam
376 3788 410 3846 de
428 3788 522 3867 exped.
540 3787 613 3847 Alex.
634 3785 680 3857 lll,
698 3791 756 3845 158·

1033 3931 1057 3978 Ι
