3002 4544
211 537 283 594 Pons
302 535 320 594 l.

223 993 319 1046 Scalae

374 347 422 422 64

377 519 587 604 fecitstraibo
602 521 709 604 ‚xvlt
732 519 832 586 1167:
861 503 970 584 dosera
992 509 1206 602 Πτολεμαϊκὴ
1229 509 1323 592 πόλις

377 636 514 720 μεγίστη
535 633 601 700 τῶν
623 637 658 699 ἐν
678 633 719 724 τῇ
737 631 887 716 Θηβαΐδι,
909 632 966 698 καὶ
988 625 1046 697 οὐκ
1068 621 1211 695 ἐλάττων
1226 628 1324 712 Mae

375 731 477 838 φὲως,
506 748 624 832 ἔχουσα
645 746 701 811 καὶ
724 738 876 829 σύστημα
897 737 1065 810 πολιτικὸν
1088 745 1122 808 ἐν
1137 739 1191 824 ’τῷ
1209 737 1324 819 Ἕλλη-

375 859 453 944 νικῷ
474 853 607 947 τρόπῳ.
626 855 723 946 Ὑπὲρ
747 857 782 922 δὲ
802 851 924 937 ταύτης
945 847 1127 938 η’Ἁβυδσς
1151 891 1192 904 -·
1267 881 1270 888 ⁴

441 972 600 1036 Hactenus
635 969 675 1034 de
708 973 926 1057 inscriptione;
961 971 1024 1056 jam
1058 966 1097 1032 ad
1124 965 1325 1030 monumenta

180 1064 358 1118 mmm
378 1081 572 1178 redeamus
609 1083 646 1148 In
681 1085 751 1169 ripa
777 1082 898 1148 imulas
927 1079 1116 1146 occidentali
1149 1062 1252 1152 scalae
1280 1073 1326 1138 la·

310 1359 316 1364 .
380 1305 447 1384 dus,
468 1308 502 1370 in
523 1306 718 1373 latitudinem
738 1308 805 1373 fere
820 1306 937 1393 pedum
951 1304 1086 1370 duorum
1101 1305 1332 1390 prominentes,-

281 1702 284 1707 .
379 1639 440 1706 bus
456 1663 524 1713 non
538 1648 719 1729 reperimus,
738 1667 924 1730 quemquam
943 1665 981 1710 ea
999 1641 1074 1707 olim
1092 1621 1242 1705 exstitisse
1261 1657 1328 1728 ner·
1423 1663 1425 1668 ·

204 2317 342 2387 Templum

120 2439 123 2446 .
199 2391 338 2446 orientale.

379 1193 492 1280 pideae
515 1195 568 1276 (t)
591 1195 631 1259 ad
654 1195 770 1262 flumen
792 1193 909 1260 aditum
923 1191 1085 1279 praebent.
1124 1188 1245 1276 Singuli
1258 1207 1325 1274 gra·

379 1418 588 1485 molestissimi
615 1431 703 1486 suno
711 1417 990 1497 descendentibus,
1018 1416 1072 1482 vel
1100 1415 1182 1480 adeo
1205 1414 1326 1500 pericu-

379 1531 455 1612 losi.¹
501 1530 612 1598 Ferrei
636 1534 831 1598 munumenti
858 1534 987 1618 vestigia
1007 1533 1041 1596 in
1062 1529 1206 1595 extremis
1228 1523 1329 1612 gradi-

380 1765 445 1820 tum
466 1764 529 1832 est;
556 1755 647 1822 nullo
671 1757 734 1823 olio
753 1756 851 1822 modo
875 1754 1040 1821 commode
1052 1749 1216 1817 ‘descendi
1237 1760 1328 1836 pote-

380 1877 436 1934 rat.
475 1845 541 1934 Has
563 1861 663 1936 scolas
684 1891 844 1956 nunquam
867 1865 1098 1959 appellentibus
1122 1885 1191 1929 cum
1212 1878 1328 1948 pompa

379 1979 512 2046 novibus
541 1967 647 2045 locuin
676 1979 816 2057 dedisse,
845 1969 986 2063 angustie
1008 1977 1158 2060 graduum
1179 1974 1328 2056 declarat,

379 2092 485 2174 potius
518 2087 692 2151 incolarum
727 2097 836 2150 caussa
871 2087 911 2150 ad
940 2071 1053 2170 aquam
1079 2082 1225 2169 expedite
1253 2084 1329 2146 hau-

379 2197 520 2264 riendam
541 2196 688 2263 videntur
705 2207 884 2268 exstructae
907 2217 984 2261 esse.
1065 2228 1067 2236 v
1091 2269 1096 2282 ¹

446 2307 720 2376 Circumeuntibus
742 2311 815 2374 hinc
830 2319 965 2374 extrema
981 2307 1098 2394 templi,
1119 2285 1330 2394 pleristylium-

381 2443 444 2508 que
471 2423 541 2503 (A)
568 2421 799 2507 repetentibus,
821 2424 866 2486 -in
901 2432 990 2508 parte
1025 2421 1147 2486 insulae
1180 2421 1328 2486 orientali

380 2553 511 2622 parvum
530 2515 689 2600 ¹sacellum
718 2531 861 2621 superest
889 2536 973 2618 (um),
1007 2553 1074 2599 non
1102 2546 1176 2598 tam
1193 2531 1329 2620 eleganti

381 2647 482 2713 forma
498 2657 693 2728 exstructum,
709 2670 801 2735 quam
816 2658 929 2727 cetera,
944 2669 1027 2733 quae
1043 2648 1233 2718 visitavimus
1242 2644 1329 2712 oedi-

380 2758 463 2825 ficia.
515 2759 724 2848 Circumjeoto
752 2770 825 2826 sunt
844 2758 985 2836 Arabmn
1012 2762 1135 2846 tuginia
1158 2779 1246 2827 nuno
1274 2756 1329 2823 de·

381 2872 460 2950 leta,
490 2895 554 2959 quo
585 2872 754 2970 difficilior
771 2872 865 2971 nobis
895 2883 962 2938 erat
983 2872 1177 2936 monumenti
1203 2872 1329 2964 investi-

381 2987 474 3071 gatio.
531 2987 647 3072 Neque
682 3007 812 3072 parvum
839 2988 872 3050 in
898 3005 958 3049 nos
987 2977 1185 3048 redundabat
1211 2984 1335 3052 incon-s

381 3097 524 3194 modum,
553 3097 641 3184 qnod
664 3109 732 3174 ,tres
755 3120 846 3176 anus,
877 3119 957 3184 quae
979 3097 1069 3162 solae
1089 3094 1222 3163 insulam
1242 3093 1338 3160 habt»
1370 3149 1371 3154 ,

382 3222 456 3289 tant
479 3211 628 3298 templmn
651 3220 883 3297 occupaverant
895 3207 940 3290 *),
961 3231 1022 3274 nec
1042 3219 1167 3274 veteres
1183 3205 1329 3272 sacerdo

278 3317 280 3324 ’
383 3334 430 3388 tes
446 3326 556 3409 majori
579 3319 738 3410 diligentia
762 3309 877 3409 templi
891 3344 983 3392 sacra
1001 3341 1142 3386 servasse
1166 3319 1328 3398 credimus,

381 3507 581 3522 m

417 3633 441 3704 ‘)
464 3631 528 3690 Indo
552 3587 620 3710 ¹(lalli
642 3635 701 3692 huie
724 3635 823 3714 templo
845 3652 941 3690 nomen
961 3632 1123 3689 indiderunt:
1144 3631 1267 3711 temple
1289 3628 1329 3687 de

453 3718 481 3775 la
503 3718 615 3777 vieille
644 3721 772 3790 femme;
797 3721 866 3778 hand
886 3717 1034 3798 spernendo
1057 3719 1102 3786 illo
1121 3717 1221 3778 Gallico
1245 3739 1328 3787 more,

361 3815 364 3824 '
454 3827 505 3883 quo
532 3807 639 3882 singulis
665 3811 839 3870 monumentis
872 3825 1013 3883 eorumque
1039 3805 1156 3885 partibus
1187 3808 1328 3864 memoriae

454 3913 543 3950 caussa
561 3895 664 3951 nomina
682 3914 714 3950 ex
732 3915 760 3950 re
779 3895 862 3970 eliqua
880 3893 984 3952 fortuite
1001 3896 1177 3972 imponuntur.
1212 3901 1214 3904 ’
