3002 4544
1074 292 1122 365 97

173 491 314 546 errorum
339 467 494 554 farragine
523 467 708 552 scriptorem
734 476 822 532 recte
844 467 993 545 sensisse,
1023 465 1123 534 libros
1175 469 1251 536 Pras
1268 473 1300 536 11.
1367 507 1369 512 ·

174 593 278 660 autem
301 590 467 666 corruptos
492 600 561 642 esse
585 582 754 646 existimet?
778 616 818 630 -

133 747 135 752 .
238 691 409 758 Heliodon'
431 690 570 777 denique
592 691 741 759 Emescni
763 690 853 756 locus
866 692 938 778 ¹jum
962 688 1125 759 adumbra-
1148 702 1318 757 Heliodorus.

174 818 240 884 tus,
271 808 324 891 qui
349 825 416 870 non
445 802 548 868 solum
576 816 709 892 propter
735 807 943 869 recentiorem
964 807 1125 890 scriptoris

123 965 124 968 κ
174 929 322 996 aetatem,
344 917 402 982 sed
425 919 517 982 etiam
539 928 671 1004 propter
691 915 869 982 fabulosam
891 913 964 980 libri
985 928 1126 982 natinam

174 1034 303 1096 minoris
333 1040 381 1094 est
409 1032 617 1109 auctoritatis,
649 1051 736 1095 nunc
762 1029 971 1116 apponendus
999 1041 1061 1107 est;
1094 1032 1127 1093 in

174 1143 338 1227 nonnullis
367 1145 448 1206 enim
479 1164 549 1206 cum
576 1146 753 1228 graviorum
782 1145 969 1228 scriptorum
990 1145 1128 1208 testimo-

174 1259 230 1321 nio
254 1258 411 1334 convenit,
433 1258 466 1319 in
489 1253 556 1319 aliis
579 1252 620 1318 ab
642 1257 679 1318 iis
703 1253 810 1319 differt
827 1251 871 1336 i).
918 1255 1024 1320 Philas
1044 1257 1129 1319 insu-

175 1366 237 1432 lam
260 1389 355 1454 supra
376 1370 529 1432 minorem
551 1377 737 1464 cataractam
759 1370 848 1432 sitem
871 1389 940 1432 esse
961 1377 1048 1431 recte
1062 1388 1129 1431 mo-

176 1490 232 1544 nct
253 1477 463 1556 Heliodorus,
493 1499 587 1563 quem
608 1481 642 1542 in
664 1478 748 1544 libro
771 1499 830 1543 suo
854 1480 994 1564 quamvis
1016 1477 1127 1543 fictitio

178 1612 229 1654 res
258 1590 490 1675 geographicas⁴
510 1587 681 1654 secundum
704 1593 866 1654 veritatem
888 1600 1037 1654 tractasse
1059 1611 1131 1674 per-

65 1715 67 1795 {
176 1703 347 1786 sperimus3
359 1691 493 1788 spatiuni
506 1710 609 1764 antem
620 1686 813 1767 interl’hilas
827 1711 859 1767 et
865 1701 995 1786 Syenen
1007 1712 1131 1766 centum

63 1827 65 1835 ’
178 1811 351 1878 stadiorum
378 1815 480 1876 minus
508 1821 595 1876 recte
625 1817 797 1878 constituit:
826 1811 959 1877 vidimus
980 1832 1047 1876 non
1070 1833 1133 1874 am-

178 1923 261 2010 plius
292 1922 341 2002 ,50
374 1921 482 1988 stadiis
509 1925 663 1988 interesse
693 1935 724 1989 et
751 1923 963 1990 Heliodorum
994 1927 1028 1988 in
1059 1944 1133 1987 eun-

177 2033 258 2111 dent,
282 2055 375 2118 quem
395 2037 428 2095 in
443 2033 601 2120 Strabone
615 2037 800 2112 notavimus,
824 2057 963 2126 errorem
976 2033 1132 2116 incidisse.

178 2145 271 2230 Quae
290 2142 330 2208 de
348 2145 504 2208 continuis
520 2146 604 2207 inter
619 2145 797 2230 Aegyptios
823 2155 855 2210 et
868 2124 1134 2232 Aethiopesb'el-

177 2257 216 2322 lis
238 2255 396 2321 Philarum
425 2265 457 2319 et
479 2254 603 2340 Syenes
627 2259 736 2320 caussa
758 2259 853 2342 gestis
875 2268 995 2334 narrat,
1027 2279 1134 2343 quam-

179 2390 272 2456 quam
291 2365 332 2442 ab
350 2367 549 2432 historiarum
568 2365 775 2452 scriptoribus
791 2389 859 2433 non
878 2369 1071 2448 referamur,
1090 2380 1135 2435 ta-
1215 2395 1218 2402 ·

179 2501 252 2556 men
266 2477 445 2564 probabilia
464 2490 546 2544 sunt.
580 2480 661 2543 Jure
676 2481 769 2564 igitur
789 2471 855 2558 τὴν
872 2473 970 2545 πόλιν
989 2472 1050 2556 τοὶς
1075 2481 1134 2547 Φί-

179 2593 242 2667 λας
258 2600 353 2655 vocat
371 2591 541 2676 ἐπίμαχον,
562 2590 649 2676 quod
663 2590 801 2658 Coraem
813 2591 1051 2677 interpretatum
1065 2614 1135 2658 esse
1242 2607 1243 2612 ’

181 2775 383 2788 *-

216 2887 244 2957 *)
266 2885 325 2944 Lib.
347 2885 417 2954 VIR,
440 2889 464 2941 l.
487 2884 612 2964 Aellrlop.
639 2919 669 2930 ·-
691 2887 708 2960 ἡ
732 2885 783 2962 ’γὰρ
809 2886 883 2951 πόλις
905 2895 934 2944 αἱ
951 2894 1030 2944 Φίλαι
1051 2899 1135 2945 κεῖται

252 2982 299 3050 μὲν
322 2979 365 3030 ἐπὶ
384 2975 420 3043 τῷ
439 2976 541 3042 Νείλῳ,
568 2974 619 3028 τῶν
641 2972 784 3051 ἐλαττόνων
806 2976 993 3048 καταρρακτῶν
1015 2972 1132 3048 ἇνωτίρω

252 3059 357 3134 μικρόν.
381 3058 483 3130 Συήνης
506 3063 533 3114 δὲ
555 3063 599 3116 καὶ
613 3056 795 3133 Ἐλεφαντίνης
813 3061 904 3117 ἔνατόν
923 3084 976 3117 που
994 3071 1049 3123 τοῖς
1067 3085 1133 3117 ποτε.Ι

251 3149 350 3220 μεταξὺ
369 3151 485 3208 σταδίοις
503 3149 653 3218 διείργεται·
671 3144 770 3218 ταύτην
788 3155 854 3203 ποτὲ
872 3145 1134 3222 φυγάδεςΑἰγίπτιοι

253 3223 443 3298 καταλαβόντες
461 3227 506 3287 καί
522 3229 704 3304 ίνοικὴσαντες,
723 3229 869 3307 ἀμφίβολον
886 3240 1025 3306 Αἰθίοψίν
1042 3258 1071 3290 τε
1090 3241 1134 3291 καλ

185 3389 190 3396 J
252 3324 412 3398 Αἰγυπτίοις
437 3327 610 3392 κατέστησαν·
639 3319 690 3373 τῶν
712 3325 770 3392 μὲν,
793 3330 849 3383 τοῖς
872 3320 1064 3404 καταρράκταις
1085 3325 1133 3396 τὴν

251 3409 403 3463 Αἰθιοπίαν
423 3405 590 3479 ὁριζομένων·
611 3410 765 3476 Αἰγυπτίων
783 3411 810 3462 δὲ
828 3411 872 3462 καί
888 3408 936 3468 τὰς
953 3413 1047 3476 Φίλας,
1065 3412 1133 3466 κατἰλ

251 3492 299 3563 τὴν
317 3499 496 3566 προενοίκησιν
513 3493 563 3548 τῶν
581 3490 642 3566 παρ>
663 3497 765 3554 ἑαυτοῖς
783 3492 914 3567 φυγάδων,
933 3495 967 3556 ὥς
984 3494 1016 3550 ἂν
1035 3500 1133 3570 δορυα-

251 3578 349 3642 λώτους
376 3581 487 3642 ἑαυτοὺς
513 3587 662 3653 προςνέμειν
686 3577 836 3640 ἀξιούντων.
865 3581 974 3651 συνεχῶς
996 3585 1028 3654 δὴ
1049 3607 1132 3656 μετα-

250 3664 395 3737 πιπτούσης
413 3667 459 3738 της
477 3665 582 3732 πόλεως,
601 3672 645 3721 καί
662 3667 713 3722 τῶν
725 3664 766 3722 det
777 3667 959 3742 προλαβόντων
971 3674 1016 3724 καί
1026 3676 1132 3746 ἐπικρα-

251 3751 367 3808 τοίιντων
385 3761 528 3826 γενομένης,
546 3752 607 3810 τότε
626 3757 653 3810 δὲ
671 3753 723 3811 ὑπὸ
742 3755 859 3836 φρρυρᾶς
870 3760 1024 3827 Αἰγυπτίων
1042 3761 1070 3814 δὲ
1088 3763 1132 3812 καὶ

252 3839 359 3914 Περσῶν
378 3831 551 3914 κατεχομένης
569 3872 601 3884 -
622 3866 644 3897 κ.
664 3865 688 3898 τ.
706 3847 728 3896 λ
958 3843 960 3849 ’

910 3939 928 4000 7
1036 3987 1040 3994 .
