3002 4544
1089 309 1115 384 9

168 481 374 548 architecttua
395 483 553 570 conjicere
573 481 655 564 licet,
678 505 771 572 quam
793 503 830 550 ex
851 483 1113 570 inscriptionibus.
1165 499 1241 559 Pras
1258 500 1277 560 lt

166 593 284 660 Earum
307 596 388 658 enim
410 597 625 662 auctoritatem
640 594 681 661 ad
696 595 960 662 determinandam
982 597 1119 686 templo-v

165 727 235 773 rum
264 716 396 772 aetatem
424 709 583 774 maximam
611 719 731 796 partem
753 707 897 774 fallacem
921 731 1005 791 esse,
1033 710 1115 778 infra

166 816 436 884 demonstrabitur.
1075 859 1097 906 ς

230 931 409 1018 Antequam
431 931 472 998 ad
485 932 644 998 Philarum
664 930 905 1020 descriptionem
922 923 1114 1014 accedimns,
1140 951 1183 1007 De
1200 971 1276 1008 moro
1294 973 1312 1010 a

165 1040 229 1121 ille,
252 1066 345 1130 quern
366 1066 461 1130 supra
482 1047 728 1125 memoravimus,
750 1045 965 1134 depingendus
982 1047 1037 1112 'est
1050 1067 1116 1111 mu·
1103 1025 1324 1166 -Ρὲἵθῖζιῇ

165 1175 233 1234 rus,
261 1177 320 1243 per
347 1155 462 1223 vallem
490 1157 637 1224 incultam
664 1157 738 1222 inde
767 1181 785 1222 a
807 1159 916 1244 Syene
943 1181 1044 1247 usque
1074 1159 1181 1226 ad

164 1265 232 1331 Nili
263 1270 361 1355 ripam
397 1290 434 1334 ex
464 1269 628 1335 adversum
649 1271 761 1355 ⁴Philas
795 1271 974 1356 perductus.
1030 1271 1114 1338 Fere

166 1381 318 1464 omnium,
353 1383 407 1467 qui
441 1382 520 1447 haec
552 1382 625 1448 loca
659 1385 876 1470 visitaverunt,
916 1386 1112 1470 sagacitatem

163 1494 359 1576 provocavit.
403 1493 442 1557 lm
464 1491 647 1557 definiendo
669 1504 825 1579 tempore,
851 1517 916 1579 quo
941 1504 1112 1566 exstructus

161 1600 269 1682 fuerit,
292 1601 457 1689 qualisque
480 1605 548 1689 ejus
571 1625 663 1684 usus,
686 1625 795 1670 omnes
818 1603 1011 1670 dissentiunt.
1062 1605 1112 1670 Ex

161 1723 295 1800 utraque
318 1726 408 1802 parte
429 1727 553 1782 montes
576 1719 681 1802 asperi
702 1719 891 1801 prominent,
915 1738 995 1803 quos
1019 1721 1111 1784 certis

161 1822 310 1892 limitibus
340 1825 480 1890 dividere
501 1827 587 1891 haud
608 1849 726 1912 operae
748 1828 969 1912 pretiumfuit.
1018 1830 1132 1893 Late·

161 1933 259 2011 ribus,
284 1932 355 1998 sole
378 1937 483 2013 coctis,
505 1957 614 2021 magna
626 1936 766 2038 polenia
789 1940 988 2021 compositus,
1011 1937 1113 2004 altitu-
1176 1969 1178 1974 ·

162 2043 266 2110 dinem
292 2066 360 2110 non
389 2045 519 2132 amplius
543 2057 617 2112 octo
640 2046 771 2134 pedum,
805 2047 1039 2113 crassitudinem
1062 2071 1111 2116 se-

159 2165 244 2243 ptem
265 2156 383 2243 pedum
404 2157 507 2224 habet.
559 2158 730 2225 Nonnullis
752 2157 832 2226 locis
853 2162 938 2226 varia
956 2172 1112 2228 structura

160 2267 420 2349 animadvertitur,
444 2293 524 2358 quae
548 2269 674 2337 abunde
698 2270 890 2338 demonstrat
911 2294 1032 2340 murum
1050 2297 1111 2361 per

158 2379 287 2468 longum
309 2385 459 2469 temporis
473 2386 606 2468 spatium
628 2395 792 2463 servatum,
815 2384 981 2472 aliquoties
995 2389 1110 2452 instau-

158 2503 260 2580 ratum
281 2493 386 2559 sanese.
437 2493 489 2558 Ad
513 2492 715 2561 difiniendam
737 2497 880 2564 aetatem
893 2500 976 2584 ejus,
997 2485 1115 2568 notan?

158 2604 234 2670 dum
258 2615 319 2684 est,
347 2605 479 2670 laterum
500 2606 692 2698 singulorum
716 2607 953 2694 dispositionem
976 2609 1109 2675 eandem

158 2736 244 2796 esse,
271 2716 395 2803 qualem
416 2719 450 2782 in
471 2720 589 2804 ingenti
609 2743 699 2787 muro
723 2719 917 2796 Thebarum,
940 2723 1035 2803 ‘cujus
1056 2737 1108 2780 ru-

158 2827 243 2910 dera,
267 2840 432 2893 extremam
454 2841 577 2916 portam
600 2831 783 2899 orientalem
806 2829 971 2915 tangentia,
993 2849 1106 2914 magna

158 2963 237 3006 cura
259 2943 481 3027 inquisivimus.
532 2941 751 3008 Burckhardto
782 2940 822 3008 de
851 2962 940 3006 muro
969 2940 1108 3004 Philcnsi

158 3054 329 3138 quaerenti,
354 3051 486 3128 relatum
509 3062 556 3118 est
578 3049 618 3117 ab
640 3052 760 3133 incolis,
782 3056 890 3140 priscis
912 3051 1106 3140 temporibus

159 3185 230 3230 eum
263 3163 380 3230 canalis
408 3167 507 3252 ripam
534 3163 645 3243 fuisse,
679 3185 744 3252 quo
772 3165 840 3229 Nili
867 3186 948 3252 aqua
976 3163 1107 3250 Syenen

158 3274 403 3356 conduceretur,
432 3299 513 3364 quae
541 3280 601 3364 ipsi
628 3294 738 3364 parum
766 3287 895 3364 accepta
918 3286 966 3343 est
988 3275 1107 3359 opinio,

157 3409 227 3451 cum
254 3389 366 3454 fluvius
395 3410 554 3475 nunquam
581 3391 615 3454 in
648 3411 717 3454 eam
750 3386 944 3452 altitudinem
976 3397 1104 3453 crescat

154 3499 282 3566 Nomen
296 3502 376 3564 muri
389 3502 475 3567 Hait-
477 3501 520 3566 el
520 3501 719 3567 Adschur-
732 3520 838 3563 murus
852 3496 1104 3580 latericius*)·-

196 3757 221 3829 )
231 3724 374 3858 „qli
329 3712 517 3835 lule.
545 3759 829 3821 casanatensem:
835 3727 990 3858 „sati
1004 3708 1107 3826 laga

185 3863 289 3922 baec
306 3866 417 3924 addens:
439 3863 497 3924 The
514 3865 669 3926 inhabitants
685 3885 741 3940 say,
762 3865 817 3923 that
834 3863 886 3924 ibis
900 3862 962 3921 wall
972 3883 1028 3920 was
1040 3859 1106 3919 built
1156 3893 1160 3903 ·
