3002 4544
1030 376 1079 452 83

128 571 197 618 rum
219 573 367 618 errorem.
405 553 524 640 Viginti
541 550 641 621 stadia
657 563 793 639 aequant
809 553 919 619 11400
932 551 1006 639 ped.
1022 555 1080 618 Pa·
1126 567 1201 624 Pius
1220 569 1251 626 n.

128 667 179 729 ris.
218 665 311 751 Quae
333 688 403 730 cum
425 668 529 731 omnia
550 664 675 751 longius
698 685 716 728 a
738 667 869 730 veritate
892 651 1003 743 absint,
1025 687 1079 729 ne-

129 799 192 864 que
220 777 353 864 vulgatis
381 775 570 842 lectionibus
599 777 720 864 absque
749 797 856 842 errore
889 777 1079 864 praesidium

128 889 235 955 afferri
255 893 363 977 possit,
385 911 481 954 unum
502 889 608 955 locum
629 893 672 954 ita
693 887 875 954 mutandum
894 894 1079 970 censuimus,

127 1011 163 1066 ut
183 1001 389 1067 Letronnium
409 999 445 1084 ¹⁵)
467 1005 567 1067 secuti
594 1005 627 1066 in
652 1003 805 1068 Antonini
833 1001 916 1067 libro
939 1025 999 1089 pro
1021 1005 1077 1068 111.

127 1111 174 1178 Μ.
203 1114 237 1179 P.
269 1114 443 1200 legeremus
470 1093 526 1193 Vl,
556 1116 730 1200 conjunctis
765 1110 887 1179 duabus
921 1111 1077 1200 primibus

5 1213 6 1290 l
127 1223 268 1304 lineolis,
299 1248 380 1313 quae
408 1229 538 1293 mutatio
565 1249 635 1292 cum
657 1229 837 1313 saepissime
859 1229 892 1290 in
913 1229 1077 1291 itinerariis
1176 1275 1179 1279 ,

128 1340 272 1416 occurrit,
293 1349 358 1402 tum
380 1338 453 1402 huic
473 1317 674 1424 numerorum
696 1341 840 1402 varietati
858 1359 964 1402 ansam
980 1338 1075 1404 dedit.
1095 1337 1099 1344 ’

126 1447 288 1512 Habemus
309 1451 401 1534 igitur
414 1449 461 1514 M.
480 1451 515 1512 Ρ.
540 1449 607 1526 Vl,
630 1454 796 1534 aequantia
812 1476 854 1504 =
871 1451 981 1515 27:300
1003 1447 1076 1535 ped.

126 1557 239 1637 Paris,
267 1563 419 1623 mensuris
442 1559 574 1624 Gallicis
597 1563 745 1645 proxima.
799 1559 964 1642 Strabonis
986 1559 1092 1627 locus

126 1693 146 1736 a
169 1668 465 1736 commentatoribus
495 1671 641 1736 omnibus
668 1676 905 1758 praetermissus
927 1683 1078 1737 nontam

124 1782 219 1847 facilc
242 1775 424 1848 absolvitur.
481 1783 653 1848 Auctorem
676 1788 774 1862 enim,
803 1807 873 1848 cum
901 1787 969 1871 ipse
997 1787 1098 1850 viam

127 1893 315 1972 confecerit,
342 1897 394 1958 vix
417 1892 568 1958 credibile
592 1906 639 1960 est
659 1917 719 1981 per
741 1917 880 1960 errorem
904 1894 1079 1961 distantiam
1132 1969 1135 1977 ,

127 2002 226 2088 duplo
249 2007 399 2089 majorem
422 2005 582 2080 habuisse;
611 2009 709 2092 quar'e
731 2007 791 2070 hie·
804 2006 892 2072 libris
915 2009 1079 2074 inhaerere
1162 2048 1166 2060 ·

126 2118 332 2181 existimamus
363 2118 485 2204 vitium,
519 2115 613 2202 quale
640 2119 674 2180 in
702 2138 903 2182 nmncrorum
938 2117 1079 2206 designa-

125 2231 212 2295 tione
230 2230 358 2315 saepius
382 2248 563 2308 occurrere,
585 2250 679 2293 nemo
702 2229 811 2294 harum
833 2217 936 2294 rerum
960 2229 1079 2296 studio-

125 2361 178 2406 sus
221 2344 352 2428 ignorat.
411 2341 607 2427 ‘Conjicimus
646 2341 836 2406 Strabonem
874 2344 912 2406 N
914 2336 1078 2420 ’σταδίους

125 2456 299 2540 scripsisse,
323 2452 411 2539 quod
437 2461 455 2516 a‘
476 2455 609 2518 veritate
630 2429 755 2517 minime
778 2450 868 2517 abest
888 2451 958 2536 *¹*)=
989 2455 1077 2540 quin-

126 2567 272 2651 quaginta
294 2563 393 2629 stadia
416 2553 553 2650 aequant
575 2589 616 2620 =
639 2565 749 2630 28500
771 2562 844 2650 ped.
867 2565 963 2630 Paris.

156 2677 277 2740 Verum
289 2698 364 2762 ergo
375 2675 575 2742 intervallum
587 2697 656 2740 cum
667 2680 707 2742 sit
718 2703 758 2733 -τ
767 2678 878 2741 30000
895 2675 968 2762 ped.
979 2675 1075 2742 Paris

157 2790 311 2853 Itinerarii
332 2789 378 2853 Μ.
394 2787 428 2853 Ρ.
445 2788 502 2853 Vl.
527 2800 663 2875 aequant
718 2789 880 2866 :27:300
912 2825 957 2838 -
1000 2825 1044 2836 -·

63 2973 69 2987 ¹
156 2898 321 2966 Strabonis
341 2887 387 2965 Ι50
410 2899 518 2967 Stadia
717 2902 880 2967 :28500
915 2940 954 2953 -
1001 2941 1044 2954 -

123 3033 230 3099 neque
259 3015 292 3076 iu
321 3011 435 3078 talibus
461 3013 614 3078 mensuris
636 3016 808 3078 accuratius
830 3031 980 3081 numeros
1003 3037 1078 3082 con·

124 3146 235 3212 gruere
259 3123 481 3191 desideramus.

35 3442 46 3458 .
161 3401 185 3472 ·)
202 3405 232 3471 iu
247 3403 386 3462 Strabonis
403 3393 524 3462 unione
541 3403 575 3474 V,
591 3425 619 3484 p.
638 3407 699 3462 trs.
727 3435 729 3440 ·

158 3497 193 3570 ⁸)
221 3498 308 3574 Quam
329 3496 452 3575 frequens
473 3502 510 3557 sit
526 3524 541 3575 p
555 3509 591 3556 'et
612 3523 626 3555 v
647 3499 780 3557 literarum
811 3495 943 3567 conluto,
969 3501 1076 3558 minimo

194 3587 269 3662 apice
286 3587 314 3640 iu
331 3584 406 3644 libris
423 3585 486 3644 llos.
504 3586 697 3655 distinctarum,
723 3587 829 3664 saepius
851 3597 1007 3644 monuerunt
1028 3589 1077 3644 cri·

137 3663 147 3684 “
194 3674 249 3728 tici.
289 3670 398 3728 Praeter
418 3673 569 3732 daeobsium
592 3683 620 3730 et
641 3673 801 3742 Personam,
822 3675 875 3748 lam
897 3695 911 3730 a
934 3673 1077 3731 Schacicro

188 3757 228 3815 t'd
245 3757 356 3835 Gregor.
374 3757 493 3819 Corintb
516 3783 543 3842 p.
560 3763 615 3820 ³58
630 3759 764 3829 laudatos,
785 3759 839 3818 ‘vit
857 3760 976 3836 ejusdem
993 3781 1074 3820 anuo-

193 3853 250 3902 tatt.
268 3844 302 3901 ad
320 3843 430 3924 Gregor.
447 3868 475 3926 p.
487 3851 512 3904 t.
531 3856 560 3905 et
574 3846 694 3908 nauum
711 3857 878 3906 commentat.
894 3847 1075 3928 pdeeagrapl.

197 3928 326 4006 Gregorio
345 3951 452 3994 annexa.
469 3954 496 4012 p.
515 3936 576 3992 726.

812 4029 877 4093 60
