3002 4544
1063 341 1109 413 ot

165 501 270 606 neque
299 526 436 583 statuere
459 519 607 598 ausimus,
635 531 738 586 unum
761 519 888 584 omnino
910 515 1110 603 imperfectus
1168 529 1281 590 Ριιιιί.

155 621 217 711 sit,
241 651 281 696 an
284 639 478 716 temporum
500 633 612 719 injuria
634 641 808 697 vastatus
1023 689 1026 700 ,
1096 687 1098 692 .

230 744 391 808 Extrema
398 743 501 816 insula
523 744 776 830 septentrionalis
799 742 894 830 plena
917 699 1042 829 quidem
1064 752 1111 807 est

165 855 320 935 ruderum,
338 876 405 920 non
418 866 520 922 autem
540 855 678 942 lapidum
691 855 927 941 quadratorum
946 877 1043 942 quare
1060 876 1112 919 ur-

152 959 252 1052 bem,
274 993 291 1034 a
313 967 518 1054 scriptpribus
540 980 754 1048 memoratam,
781 968 826 1032 ibi
849 971 1014 1045 exstitisse,
1036 977 1112 1031 tem-

164 1081 219 1169 pla
247 1091 351 1146 eutem
379 1091 411 1144 et
439 1083 581 1146 sacraria
601 1091 722 1168 partem
750 1082 916 1147 australem
939 1078 1112 1146 obtinuisse

164 1193 249 1258 haud
271 1191 411 1258 absimile
437 1193 569 1258 videtur.
619 1195 703 1259 ln'
678 1217 746 1280 mpa
768 1192 891 1258 boreali
914 1193 969 1275 (ad
991 1195 1021 1275 r)
1043 1195 1111 1258 Ro·
1177 1207 1264 1261 Arcen

164 1327 254 1369 mana
278 1315 326 1370 est
348 1304 541 1383 aedificatio,
565 1325 657 1392 quam
680 1309 765 1370 arcui
787 1305 974 1398 triumphali
986 1326 1112 1393 compa-
1135 1277 1312 1402 ¹2ffi3221⁰⁸
1354 1367 1358 1376 .

164 1439 235 1481 rare
258 1417 341 1482 licet.
395 1395 511 1482 'fribus
536 1429 658 1484 constat
679 1417 1029 1496 fomicibus;.medius‚
1059 1421 1112 1502 qui

164 1531 261 1592 ruinis
285 1528 437 1605 concidit,
467 1526 547 1590 duos
571 1525 742 1612 adjrmctos'
759 1527 923 1613 altitudine
945 1551 1113 1615 superave—
1137 1515 1139 1518 ¹

164 1650 222 1704 rat.
263 1641 301 1703 In
321 1629 535 1704 mensurarum
556 1637 729 1704 rationibus
753 1661 822 1704 cum
844 1641 956 1706 ceteris
978 1639 1131 1711 arcubus.

164 1750 403 1838 triumphalibus
439 1753 656 1816 Romanorum
694 1755 844 1838 congruit.
912 1751 1112 1818 Ornamentis

164 1863 260 1948 plane
290 1873 391 1937 caret3
419 1861 558 1949 lapidum
587 1861 809 1947 quadratorum
838 1863 1020 1948 superficies
1043 1885 1114 1949 par-

165 1975 218 2037 tim
241 1973 486 2058 asperrimaest,
509 1974 620 2057 partim
644 1971 733 2039 caelo
757 1971 861 2038 obiter
871 1971 1014 2054 'formata
1038 1985 1113 2061 qua-

163 2095 297 2170 propter
323 2103 391 2147 non
413 2063 536 2161 minum,
566 2081 653 2168 quod
676 2085 709 2146 in
732 2104 830 2170 opere
852 2087 1052 2171 imperfecto,
1079 2089 1113 2151 in

164 2200 252 2283 cujus
286 2195 444 2278 vhonorem
482 2205 668 2262 exstructum
705 2199 758 2275 sit,
804 2175 1009 2284 inscriptione
1045 2219 1114 2265 non

164 2307 344 2374 declaretur
372 2303 427 2388 ἵ).
493 2306 664 2372 Ponticum
707 2307 877 2373 verticibus
921 2309 1113 2374 vocabulum
1142 2299 1144 2314 ’

7 2499 9 2512 1
116 2486 120 2494 J
163 2417 382 2490 SANCTVM
410 2428 457 2482 est
483 2420 673 2504 inscriptum.
730 2419 859 2498 Murus,
893 2443 983 2485 arcus
1011 2425 1113 2487 nost1i

163 2533 412 2608 fimdamentum‚
455 2533 675 2596 remotiorem
695 2533 908 2617 antiquitatem
944 2544 1114 2611 monstrat„

163 2644 265 2708 forma
302 2640 453 2728 quadrata
488 2645 578 2728 quasi
612 2642 882 2728 propugnaculum
915 2646 960 2709 in*
983 2645 1113 2709 fluvium

164 2757 329 2842 procurrit.
389 2753 545 2839 Reliquus
573 2775 683 2828 *murus
719 2755 801 2844 hanc
836 2755 958 2820 insulae
991 2766 1112 2842 partem

164 2870 293 2952 cingens
316 2864 441 2931 diverso
465 2878 607 2952 tempore
631 2877 802 2932 exstructus
824 2867 890 2946 fuit,
913 2866 1001 2955 qnod
1023 2873 1111 2936 vario

165 2989 396 3058 caementorum
435 2999 533 3064 opere
567 2969 659 3042 facile
692 2983 892 3065 perspicitur3
925 3003 1046 3045 minum
1078 2985 1112 3046 in
1169 2969 1172 2978 λ

164 3094 314 3156 interiore
349 3089 452 3155 insula
481 3093 537 3171 (s)
570 3088 676 3176 lapide
712 3091 866 3177 quadrato
901 3096 1111 3170 constitutum,

164 3181 255 3268 nullo
289 3204 399 3288 majori
434 3200 579 3267 aedificio
613 3203 806 3286 contiguum,
839 3204 913 3271 ideo
942 3207 976 3267 in
1004 3197 1134 3268 tabula⁴

164 3317 355 3392 notavimus,
384 3317 457 3400 quia
479 3317 511 3380 in
533 3313 657 3380 boreali
677 3314 799 3380 insulae
820 3326 910 3401 parte
933 3313 1112 3382 altissimum

163 3458 364 3479 ὸ--ιι-

7 3539 9 3608 l
181 3550 226 3621 st)
249 3548 351 3606 Arcum
369 3545 562 3626 triumphalem,
588 3546 648 3604 lmic
670 3545 841 3613 simillimum,
868 3549 993 3622 majorem
1015 3523 1111 3618 tamen,

7 3627 8 3636 ἶ
160 3651 173 3680 ⁰
235 3635 299 3710 olim
325 3637 457 3692 exstitisse
483 3634 629 3692 vidimus
621 3655 648 3690 m
673 3634 781 3692 Antinoi
809 3632 873 3690 urbe
901 3633 1059 3712 (Descript.
1079 3635 1112 3692 de

234 3722 349 3799 l’Egypt.
367 3721 472 3798 Antiqu,
491 3721 523 3778 V
542 3721 581 3779 Pl
599 3721 673 3791 57.‚)
696 3741 773 3798 quam
794 3720 826 3777 ab
838 3720 1006 3778 Hadriano'
997 3741 1107 3800 impara-

234 3819 293 3865 tore
310 3807 442 3866 conditam
460 3829 519 3866 esse
537 3811 647 3874 scimus3
669 3828 756 3884 neque
776 3807 898 3866 multum·
902 3817 985 3864 aetate
1004 3807 1109 3866 dill'erre

236 3893 337 3952 videtur
355 3915 430 3953 arcus
447 3893 575 3952 Philensis
594 3895 625 3952 ab
643 3895 804 3953 Antino'ensi.
819 3921 862 3956 υ·-
