3002 4544
178 525 364 591 Differentia
397 525 446 590 IV
479 523 608 590 millium
643 545 724 611 pass.
754 526 865 611 partim
893 527 927 587 in
955 522 1126 590 latentibus
1172 535 1247 593 Paas
1266 535 1299 593 ΙΙ.

177 638 330 704 librorum
361 639 456 716 vitiis,
491 639 602 723 partim
630 640 664 702 in
691 636 765 724 ipsis
792 639 959 714 mensun's,
993 639 1124 702 maxima

155 749 289 830 ‘autem,
311 762 346 815 ut
359 747 452 815 nobis
468 748 600 828 videtur,
622 753 655 814 in
671 751 804 815 {luminis
820 747 952 813 flexibus
968 759 1015 813 est
1030 749 1127 834 quaa-

177 863 283 930 renda.
327 863 483 948 Napatam
504 863 602 948 ipsam
623 885 682 948 per
703 875 833 948 parvum
855 859 951 926 modo
975 857 1125 948 tempolis

177 979 310 1062 spatium
339 996 357 1039 a
379 974 530 1038 Romanis
560 985 744 1061 occupatam
767 975 862 1040 fuisse
883 975 1005 1038 monuit
1026 973 1126 1038 Ritte-

178 1109 229 1152 rus
252 1086 273 1151 l.
297 1086 318 1151 l.
360 1086 510 1153 Ceterum
532 1085 666 1172 Napata,
689 1109 790 1174 aeque
814 1110 850 1152 ac
871 1086 980 1150 Primis
1002 1087 1035 1149 in
1056 1085 1126 1171 ripa
1247 1149 1250 1156 ,

178 1199 323 1264 orientali
351 1187 571 1263 constituenda
600 1209 661 1277 est,
689 1197 831 1285 alioquin
853 1197 968 1264 Strabo
990 1197 1125 1262 fluminis

178 1313 340 1397 trajectum
363 1321 649 1387 commemorasset;
678 1322 780 1375 utrum
803 1321 906 1375 autam
927 1309 1053 1394 Napata
1076 1330 1126 1372 ca-

178 1423 303 1488 stellum
325 1424 434 1500 fuen't,
457 1421 544 1508 quod
566 1444 651 1486 nunc
674 1434 721 1488 est
743 1422 783 1488 ad
805 1420 1054 1497 Kalat-Addeh,
1077 1422 1128 1484 cui

178 1534 289 1599 tumuli
314 1534 405 1598 multi
432 1535 664 1619 circumjacent,
694 1554 734 1598 an
763 1531 849 1596 aliud
872 1552 1020 1595 cacumen
1041 1529 1126 1595 illius

177 1647 330 1711 montium
361 1655 493 1740 tractus?
532 1648 585 1730 qui
617 1644 777 1709 men'diem
808 1665 920 1710 versus
952 1665 1053 1728 usque
1081 1625 1128 1708 'ad

178 1756 307 1822 Wadi·
320 1757 444 1823 Serram
488 1757 669 1843 porrigitur,
711 1759 744 1820 in
788 1759 909 1820 incerto
952 1765 999 1820 est
1034 1745 1128 1820 ralia-

137 1873 157 1908 .·
178 1868 346 1954 quendum.
1064 1867 1068 1882 ‘

243 1980 351 2044 Minus
378 1981 545 2065 perspicua
568 1989 614 2043 est
637 1978 806 2065 descn'ptio
833 1976 1061 2065 Olympiodori
1082 1977 1126 2061 ¹⁸),
1153 1997 1322 2069 olympiodo-

178 2089 297 2156 Thebis
309 2091 516 2178 aegyptiacis
539 2089 672 2167 oriundi,
696 2092 835 2174 quamvis
857 2093 925 2175 ipse
948 2090 1021 2154 loca
1043 2089 1128 2155 adia·
1208 2085 1262 2122 η’·

121 2248 124 2254 1
169 2207 215 2268 ⁴rit
237 2239 279 2252 -
302 2203 358 2266 καὶ
381 2197 503 2285 ἔλαβόν
525 2203 574 2285 μέ,
597 2219 689 2290 φησι,
710 2203 821 2289 μέχρις
843 2197 946 2280 αὐτῆς
960 2201 1019 2280 τῆς
1041 2196 1127 2267 Τάλ-

133 2374 135 2383 a
176 2337 274 2399 μεως,
304 2309 381 2390 άςτε
407 2311 576 2387 κάκείνους
602 2303 680 2386 τοὺς
696 2306 823 2399 χώρους
844 2314 1033 2399 ἱστορῆσαι,
1063 2313 1128 2378 διέ-

159 2435 293 2510 ζ,χοντος
321 2417 388 2489 άπὸ
421 2423 488 2487 τῶν
520 2422 631 2488 Φολῶν
663 2417 831 2507 διάστημα
862 2419 993 2511 ἡμερῶν
1024 2427 1128 2503 πέντε,

130 2518 147 2550 ⁵
177 2541 270 2624 μέχρι
297 2531 421 2612 πόλεως
448 2534 507 2613 τῆς
535 2534 711 2634 λεγομένης
739 2534 873 2619 Πρῖμα,
905 2527 976 2613 ἥτις
1003 2528 1042 2599 τά
1063 2558 1128 2600 πα-

169 2759 271 2848 ρνκοῦ
299 2753 500 2844 διετάγχανε·
529 2751 581 2821 διὸ
603 2751 696 2845 παρὰ
716 2755 782 2820 τῶν
803 2751 973 2840 Ῥωμαίων
993 2758 1129 2844 ῥωμαίρο

179 2871 274 2959 φωνῇ
294 2871 409 2957 πρίμοι,
430 2862 506 2949 ἤτοι
526 2863 637 2954 πρώτη
659 2863 846 2952 ὠνομάσθη
868 2867 985 2948 (faceta
1007 2881 1129 2956 etymo·
1239 2860 1243 2869 ’

178 2983 283 3068 logia)
311 2983 367 3046 καὶ
395 2983 455 3048 νῦν
482 2973 566 3044 οὕτω
595 2969 842 3059 καλεῖται,’καί
868 3003 921 3045 τοι
948 2985 983 3045 ἐκ
1004 2981 1129 3047 πολλοῦ

179 3093 388 3160 οὶκειωθεῖσα
410 3097 479 3169 τοῖς
499 3086 699 3180 βαρβάροις,
721 3088 797 3176 μεθ’
822 3095 940 3179 ἐτέρων
960 3086 1129 3180 τεσσάρων

178 3200 305 3270 πόλεων
331 3205 543 3282 Φοινικῶνος,
574 3203 727 3292 Χίριὸος,
761 3197 906 3278 Θάπιδος
934 3204 1128 3291 (Thaphis),

184 3310 350 3402 Τάλμιδος
364 3317 512 3398 (Tahnis)
533 3352 577 3364 —
598 3315 689 3382 locus
712 3326 878 3402 corruptus
901 3325 949 3380 est
968 3315 1022 3379 vel
1036 3315 1128 3401 plura

178 3428 363 3496 intermedia
392 3428 580 3494 exciderunt.
632 3430 743 3493 Insunt
769 3427 941 3504 Philarum,
976 3427 1128 3493 Talmidis

180 3553 212 3608 et
233 3542 355 3607 Primae
376 3545 517 3619 nomina,
542 3547 606 3608 hec
628 3550 731 3606 tamen
753 3539 871 3618 elucet,
902 3541 1041 3625 quinqua
1065 3538 1130 3605 die-

178 3675 248 3720 rum
275 3653 474 3738 inservallum
500 3657 582 3719 inter
610 3652 715 3718 Philas
743 3661 779 3718 et
802 3651 926 3717 Talmin
953 3652 1127 3718 Primamve
1154 3639 1156 3644 ¹

81 3899 96 3932 ⁶
176 3947 179 3952 ,
220 3899 246 3970 ⁵)
265 3899 314 3958 Ea
331 3897 400 3978 apud
417 3895 538 3956 Plautium
555 3899 582 3954 in
599 3896 667 3956 Bibl
686 3917 711 3977 p.
730 3899 790 3954 178.
828 3894 1080 3971 Hoesohelp·194.
