3002 4544
1077 351 1126 429 13

177 527 330 594 columnis
356 529 389 595 in
419 525 602 616 quadratrmr
618 526 803 617 dispositis,
836 549 918 617 quae
945 549 1050 609 muro,
1083 529 1124 598 ad
1179 536 1293 598 Pausi

176 645 297 705 tertiam
319 649 439 728 partem
455 641 624 707 altitudinis
640 640 733 723 elato,
754 645 837 708 inter
850 665 885 708 se
899 645 1025 731 junctae
1042 653 1123 708 sunt.

177 753 332 839 Capitulis
362 757 563 819 ornatissimis
590 753 728 820 insident
756 755 846 820 abaci
874 754 1001 821 insolita
1023 751 1125 820 altitu-

177 863 263 943 d'ure‚
292 865 376 930 haud
404 865 500 932 dubie
528 865 727 954 recipiendae
756 866 845 932 Isidis
867 865 1002 954 figurae,
1029 887 1126 954 super

163 999 258 1062 quos
288 977 467 1064 epistylium
497 1001 566 1043 cunr
589 981 733 1065 zophoro
756 991 788 1046 et
809 983 988 1067 proiectura
1010 975 1125 1066 simpli-

177 1093 298 1154 cissim'a
327 1089 516 1156 collocatum
545 1100 607 1168 est;
636 1102 752 1157 tectum
780 1094 943 1178 imponere
964 1089 1124 1177 nunquam

174 1205 208 1266 in
230 1182 333 1267 animo
355 1200 514 1267 habebant
539 1202 730 1270 conditores.
781 1206 894 1314 Totius
923 1205 1028 1291 operis
1057 1200 1126 1268 alti-

174 1314 253 1380 tudo
282 1317 326 1380 tu
354 1312 470 1401 pedum
500 1324 555 1380 est
606 1315 780 1404 Utramque
807 1325 928 1402 partem
955 1325 994 1381 ret
1021 1315 1125 1380 orion-

172 1427 270 1512 talem¹
301 1437 332 1492 et
364 1425 605 1508 occidentalem,
641 1439 754 1514 portae
788 1436 958 1515 occupant,
993 1445 1124 1511 quarum
1203 1405 1213 1431 ’

173 1548 297 1624 postes,
342 1535 464 1602 duabus
502 1537 612 1602 mediis
652 1538 805 1604 columnis
843 1527 1003 1624 eleganter
1039 1535 1124 1602 affixi
1200 1534 1203 1540 ’

173 1659 254 1713 sunt.
559 1659 562 1664 '

216 1759 253 1823 In
275 1771 436 1845 portarum
460 1761 667 1848 dispositione
688 1765 795 1828 miram
818 1758 1052 1848 congruentiam
1066 1781 1126 1847 per
1157 1764 1307 1823 Ponam-2

173 1879 271 1933 totam
307 1871 487 1952 Aegyptum
532 1883 564 1934 et
602 1873 801 1956 Aethiopiam
837 1871 1124 1950 animadvertimus,
1177 1837 1282 1908 fm'

174 1977 272 2065 quare
294 1979 495 2062 scriptionem
511 1981 549 2043 'in
571 1983 652 2044 areis
676 1991 707 2045 et
728 1983 900 2046 sectionem
918 1985 1002 2046 muri
1024 1979 1123 2076 (Tab.

171 2091 211 2155 II.
234 2088 358 2153 Formis
381 2090 410 2152 l.
433 2089 463 2156 2.
487 2089 534 2172 3.)
556 2092 684 2177 exprimi
705 2094 888 2157 curavimus.
932 2090 1056 2158 Valvas
1076 2095 1123 2159 irr-

155 2213 306 2290 ,norsum
327 2175 538 2280 trahebantur,
560 2200 686 2268 clausae
707 2201 847 2268 trabibus
868 2224 959 2270 mum
980 2207 1122 2271 inmrissis

170 2311 404 2394 mmriebar'rtur,
433 2291 563 2399 quarum
586 2336 676 2393 cava,
701 2316 825 2380 modica
847 2315 1009 2382 altitudine
1030 2316 1122 2397 facta,
1283 2381 1290 2398 ,

169 2430 204 2492 irr
233 2423 377 2532 omnibus
405 2423 528 2511 templis
552 2423 722 2492 observare
744 2426 827 2492 licet.
877 2428 1037 2514 Pylonum
1058 2451 1121 2494 nra-
1205 2405 1206 2408 Ἴ

170 2541 256 2627 jores
284 2548 401 2623 portae
424 2537 561 2618 (Forma
584 2539 625 2619 l)
654 2537 786 2604 eandem
813 2537 944 2604 formam
966 2539 1121 2620 exhibent,

171 2672 265 2737 quam
291 2651 443 2728 nrinores,
476 2646 617 2734 duplices
647 2661 749 2714 autem
774 2649 886 2716 valvae
909 2662 1012 2730 erant,
1038 2655 1121 2717 inter

172 2783 251 2848 quas
273 2762 305 2824 in
329 2760 532 2826 crassitudine
553 2753 632 2825 mur'i
652 2753 879 2849 nonnunquam
902 2760 1054 2827 conclave
1068 2785 1121 2828 ex-

171 2883 320 2938 structum
343 2882 404 2952 est,
432 2874 573 2960 janitoris
595 2871 846 2941 habitatiuncula.
895 2875 933 2940 In
955 2879 1120 2962 superiore
1215 2871 1235 2940 .’
1315 2875 1321 2889 ’

171 3006 301 3072 quoque
334 2983 448 3066 forium
481 2995 570 3071 parte
597 2982 633 3069 *)
662 3008 767 3052 murus
794 2991 963 3053 introrsum
990 2987 1119 3065 recedit,

171 3119 236 3184 quo
258 3093 376 3162 firmius
399 3095 598 3166 clauderetur
617 3097 720 3181 janua.
764 3098 884 3164 Valvas
906 3098 1045 3164 reclusas
1067 3119 1120 3162 so-

169 3208 267 3274 lerter
294 3210 328 3273 in
356 3230 446 3274 muro
476 3213 564 3298 quasi
590 3207 802 3296 reponebant,
835 3230 878 3275 ne
904 3211 1119 3294 prominentes
1185 3272 1189 3280 ,

169 3315 281 3388 valvae
308 3323 342 3385 in
369 3323 493 3408 pompis
521 3325 629 3401 sacris,
657 3319 860 3414 multitudini,
887 3323 998 3384 atrium
1018 3321 1122 3406 ingre-

142 3435 144 3440 ‘
170 3431 281 3513 dienti,
309 3430 484 3499 molestiam
509 3432 636 3499 ferrent.
688 3433 809 3499 Omnes
830 3440 958 3518 portae,
986 3429 1119 3499 cunrad

170 3543 302 3610 eandem
323 3565 465 3610 normam
486 3544 587 3611 factae
609 3548 683 3625 sint,
711 3544 805 3610 facile
833 3552 880 3608 est
906 3545 940 3608 in
968 3537 1118 3608 aediliciis

75 3651 79 3658 ”
171 3653 282 3730 deletis
306 3665 338 3721 et
363 3677 458 3724 arena
488 3655 670 3738 obstructis,
698 3677 781 3744 quae
807 3659 839 3723 iu
867 3656 1017 3744 Aegypto
1044 3649 1130 3726 sunt

172 3809 370 3830 *-

204 3913 341 3978 Ήονωα
358 3913 432 3976 aad.
453 3939 474 3976 a.
