<?xml version="1.0" encoding="UTF-8"?>
<!DOCTYPE html PUBLIC "-//W3C//DTD XHTML 1.0 Transitional//EN"
    "http://www.w3.org/TR/xhtml1/DTD/xhtml1-transitional.dtd">
<html xmlns="http://www.w3.org/1999/xhtml" xml:lang="en" lang="en">
 <head>
  <title>
</title>
<meta http-equiv="Content-Type" content="text/html;charset=utf-8" />
  <meta name='ocr-system' content='tesseract 3.04.00' />
  <meta name='ocr-capabilities' content='ocr_page ocr_carea ocr_par ocr_line ocrx_word'/>
</head>
<body>
  <div class='ocr_page' id='page_1' title='image "./dephilisinsulae01partgoog_0055.png"; bbox 0 0 3002 4544; ppageno 0'>
   <div class='ocr_carea' id='block_1_1' title="bbox 207 1437 371 1560">
    <p class='ocr_par' dir='ltr' id='par_1_1' title="bbox 207 1437 371 1560">
     <span class='ocr_line' id='line_1_1' title="bbox 225 1437 360 1490; baseline 0 -2"><span class='ocrx_word' id='word_1_1' title='bbox 225 1437 360 1490; x_wconf 73' lang='lat' dir='ltr'><strong>Ecclesiae</strong></span> 
     </span>
     <span class='ocr_line' id='line_1_2' title="bbox 207 1507 371 1560; baseline 0.012 -2"><span class='ocrx_word' id='word_1_2' title='bbox 207 1507 371 1560; x_wconf 57' lang='lat' dir='ltr'><strong>sudationes</strong></span> 
     </span>
    </p>
   </div>
   <div class='ocr_carea' id='block_1_2' title="bbox 225 1578 347 1647">
    <p class='ocr_par' dir='ltr' id='par_1_2' title="bbox 225 1578 347 1647">
     <span class='ocr_line' id='line_1_3' title="bbox 225 1578 347 1647; baseline -0.008 -18"><span class='ocrx_word' id='word_1_3' title='bbox 225 1578 347 1647; x_wconf 73' lang='lat' dir='ltr'><strong>vestigio.</strong></span> 
     </span>
    </p>
   </div>
   <div class='ocr_carea' id='block_1_3' title="bbox 400 349 450 422">
    <p class='ocr_par' dir='ltr' id='par_1_3' title="bbox 400 349 450 422">
     <span class='ocr_line' id='line_1_4' title="bbox 400 349 450 422; baseline 0.02 -1"><span class='ocrx_word' id='word_1_4' title='bbox 400 349 450 422; x_wconf 74' lang='lat' dir='ltr'><strong>aa</strong></span> 
     </span>
    </p>
   </div>
   <div class='ocr_carea' id='block_1_4' title="bbox 401 520 1352 612">
    <p class='ocr_par' dir='ltr' id='par_1_4' title="bbox 401 520 1352 612">
     <span class='ocr_line' id='line_1_5' title="bbox 401 520 1352 612; baseline -0.004 -21"><span class='ocrx_word' id='word_1_5' title='bbox 401 527 515 591; x_wconf 76' lang='lat' dir='ltr'><strong>ueteris</strong></span> <span class='ocrx_word' id='word_1_6' title='bbox 539 523 639 589; x_wconf 86' lang='lat' dir='ltr'><strong>cultus</strong></span> <span class='ocrx_word' id='word_1_7' title='bbox 663 525 838 612; x_wconf 83' lang='lat' dir='ltr'><strong>aegyptiaci</strong></span> <span class='ocrx_word' id='word_1_8' title='bbox 857 521 1116 610; x_wconf 75' lang='lat' dir='ltr'><strong>magnificentiam</strong></span> <span class='ocrx_word' id='word_1_9' title='bbox 1131 520 1271 600; x_wconf 88' lang='lat' dir='ltr'><strong>rediisse,</strong></span> <span class='ocrx_word' id='word_1_10' title='bbox 1295 523 1352 587; x_wconf 90' lang='lat' dir='ltr'><strong>sed</strong></span> 
     </span>
    </p>
   </div>
   <div class='ocr_carea' id='block_1_5' title="bbox 396 636 1354 725">
    <p class='ocr_par' dir='ltr' id='par_1_5' title="bbox 396 636 1354 725">
     <span class='ocr_line' id='line_1_6' title="bbox 396 636 1354 725; baseline -0.02 -20"><span class='ocrx_word' id='word_1_11' title='bbox 396 637 484 724; x_wconf 80' lang='lat' dir='ltr'><strong>&#39;justo</strong></span> <span class='ocrx_word' id='word_1_12' title='bbox 508 639 597 702; x_wconf 86' lang='lat' dir='ltr'><strong>citius</strong></span> <span class='ocrx_word' id='word_1_13' title='bbox 618 639 727 701; x_wconf 72' lang='lat' dir='ltr'><strong>rutinae</strong></span> <span class='ocrx_word' id='word_1_14' title='bbox 749 636 889 724; x_wconf 86' lang='lat' dir='ltr'><strong>undique</strong></span> <span class='ocrx_word' id='word_1_15' title='bbox 912 658 1039 725; x_wconf 85' lang='lat' dir='ltr'>sparsae</span> <span class='ocrx_word' id='word_1_16' title='bbox 1061 637 1233 699; x_wconf 74' lang='lat' dir='ltr'><strong>&#39;furcarum</strong></span> <span class='ocrx_word' id='word_1_17' title='bbox 1256 637 1354 721; x_wconf 70' lang='lat' dir='ltr'><strong>impe.</strong></span> 
     </span>
    </p>
   </div>
   <div class='ocr_carea' id='block_1_6' title="bbox 400 749 1353 1846">
    <p class='ocr_par' dir='ltr' id='par_1_6' title="bbox 401 749 921 815">
     <span class='ocr_line' id='line_1_7' title="bbox 401 749 921 815; baseline -0.002 0"><span class='ocrx_word' id='word_1_18' title='bbox 401 753 479 815; x_wconf 81' lang='lat' dir='ltr'><strong>rirmr</strong></span> <span class='ocrx_word' id='word_1_19' title='bbox 502 754 536 814; x_wconf 95' lang='lat' dir='ltr'><strong>in</strong></span> <span class='ocrx_word' id='word_1_20' title='bbox 557 753 738 814; x_wconf 81' lang='lat' dir='ltr'><strong>memoriam</strong></span> <span class='ocrx_word' id='word_1_21' title='bbox 759 749 921 814; x_wconf 86' lang='lat' dir='ltr'><strong>reducunt</strong></span> 
     </span>
    </p>

    <p class='ocr_par' dir='ltr' id='par_1_7' title="bbox 400 855 1353 1846">
     <span class='ocr_line' id='line_1_8' title="bbox 467 855 1351 954; baseline -0.003 -28"><span class='ocrx_word' id='word_1_22' title='bbox 467 863 592 940; x_wconf 81' lang='lat' dir='ltr'><strong>Restat,</strong></span> <span class='ocrx_word' id='word_1_23' title='bbox 625 872 661 928; x_wconf 88' lang='lat' dir='ltr'><strong>ut</strong></span> <span class='ocrx_word' id='word_1_24' title='bbox 690 861 729 926; x_wconf 89' lang='lat' dir='ltr'><strong>de</strong></span> <span class='ocrx_word' id='word_1_25' title='bbox 762 862 870 926; x_wconf 74' lang='lat' dir='ltr'><strong>iduma</strong></span> <span class='ocrx_word' id='word_1_26' title='bbox 904 855 1010 947; x_wconf 88' lang='lat' dir='ltr'><strong>templi</strong></span> <span class='ocrx_word' id='word_1_27' title='bbox 1043 871 1133 946; x_wconf 89' lang='lat' dir='ltr'><strong>parte</strong></span> <span class='ocrx_word' id='word_1_28' title='bbox 1165 858 1218 923; x_wconf 88' lang='lat' dir='ltr'><strong>vel</strong></span> <span class='ocrx_word' id='word_1_29' title='bbox 1252 857 1351 954; x_wconf 79' lang='lat' dir='ltr'><strong>adyto</strong></span> 
     </span>
     <span class='ocr_line' id='line_1_9' title="bbox 402 968 1351 1061; baseline -0.005 -23"><span class='ocrx_word' id='word_1_30' title='bbox 402 995 501 1061; x_wconf 88' lang='lat' dir='ltr'><strong>pauca</strong></span> <span class='ocrx_word' id='word_1_31' title='bbox 532 973 691 1040; x_wconf 80' lang='lat' dir='ltr'><strong>addamus,</strong></span> <span class='ocrx_word' id='word_1_32' title='bbox 741 976 876 1039; x_wconf 88' lang='lat' dir='ltr'><strong>Januam</strong></span> <span class='ocrx_word' id='word_1_33' title='bbox 905 973 1000 1039; x_wconf 89' lang='lat' dir='ltr'><strong>hahet</strong></span> <span class='ocrx_word' id='word_1_34' title='bbox 1029 971 1089 1054; x_wconf 87' lang='lat' dir='ltr'><strong>(ad</strong></span> <span class='ocrx_word' id='word_1_35' title='bbox 1120 974 1157 1054; x_wconf 90' lang='lat' dir='ltr'><strong>e)</strong></span> <span class='ocrx_word' id='word_1_36' title='bbox 1184 973 1218 1034; x_wconf 95' lang='lat' dir='ltr'><strong>in</strong></span> <span class='ocrx_word' id='word_1_37' title='bbox 1245 968 1351 1034; x_wconf 88' lang='lat' dir='ltr'><strong>medio</strong></span> 
     </span>
     <span class='ocr_line' id='line_1_10' title="bbox 400 1081 1353 1173; baseline -0.004 -23"><span class='ocrx_word' id='word_1_38' title='bbox 400 1089 520 1173; x_wconf 85' lang='lat' dir='ltr'><strong>pariete</strong></span> <span class='ocrx_word' id='word_1_39' title='bbox 543 1109 612 1149; x_wconf 82' lang='lat' dir='ltr'><strong>uun</strong></span> <span class='ocrx_word' id='word_1_40' title='bbox 632 1085 886 1172; x_wconf 87' lang='lat' dir='ltr'><strong>inscriptionibus</strong></span> <span class='ocrx_word' id='word_1_41' title='bbox 911 1081 949 1151; x_wconf 90' lang='lat' dir='ltr'><strong>ab</strong></span> <span class='ocrx_word' id='word_1_42' title='bbox 972 1096 1108 1171; x_wconf 90' lang='lat' dir='ltr'><strong>utroque</strong></span> <span class='ocrx_word' id='word_1_43' title='bbox 1131 1083 1238 1159; x_wconf 86' lang='lat' dir='ltr'><strong>latere,</strong></span> <span class='ocrx_word' id='word_1_44' title='bbox 1260 1085 1353 1148; x_wconf 85' lang='lat' dir='ltr'><strong>maxi-</strong></span> 
     </span>
     <span class='ocr_line' id='line_1_11' title="bbox 401 1194 1352 1286; baseline -0.005 -22"><span class='ocrx_word' id='word_1_45' title='bbox 401 1221 480 1264; x_wconf 89' lang='lat' dir='ltr'><strong>mam</strong></span> <span class='ocrx_word' id='word_1_46' title='bbox 509 1209 629 1283; x_wconf 73' lang='lat' dir='ltr'><strong>partem</strong></span> <span class='ocrx_word' id='word_1_47' title='bbox 658 1203 792 1286; x_wconf 83' lang='lat' dir='ltr'><strong>graecis,</strong></span> <span class='ocrx_word' id='word_1_48' title='bbox 819 1198 852 1264; x_wconf 89' lang='lat' dir='ltr'><strong>in</strong></span> <span class='ocrx_word' id='word_1_49' title='bbox 882 1197 995 1285; x_wconf 87' lang='lat' dir='ltr'><strong>quibus</strong></span> <span class='ocrx_word' id='word_1_50' title='bbox 1024 1199 1165 1284; x_wconf 88' lang='lat' dir='ltr'><strong>episcopi</strong></span> <span class='ocrx_word' id='word_1_51' title='bbox 1188 1194 1352 1260; x_wconf 86' lang='lat' dir='ltr'><strong>Theodori</strong></span> 
     </span>
     <span class='ocr_line' id='line_1_12' title="bbox 401 1295 1352 1397; baseline 0 -25"><span class='ocrx_word' id='word_1_52' title='bbox 401 1312 526 1395; x_wconf 87' lang='lat' dir='ltr'><strong>saepius</strong></span> <span class='ocrx_word' id='word_1_53' title='bbox 553 1308 591 1375; x_wconf 86' lang='lat' dir='ltr'><strong>fit</strong></span> <span class='ocrx_word' id='word_1_54' title='bbox 617 1315 750 1390; x_wconf 93' lang='lat' dir='ltr'><strong>mentio,</strong></span> <span class='ocrx_word' id='word_1_55' title='bbox 779 1333 840 1377; x_wconf 89' lang='lat' dir='ltr'><strong>nec</strong></span> <span class='ocrx_word' id='word_1_56' title='bbox 867 1295 934 1376; x_wconf 90' lang='lat' dir='ltr'><strong>non</strong></span> <span class='ocrx_word' id='word_1_57' title='bbox 964 1331 1095 1397; x_wconf 86' lang='lat' dir='ltr'><strong>opemm</strong></span> <span class='ocrx_word' id='word_1_58' title='bbox 1118 1306 1221 1384; x_wconf 72' lang='lat' dir='ltr'><strong>abeo</strong></span> <span class='ocrx_word' id='word_1_59' title='bbox 1246 1307 1352 1373; x_wconf 86' lang='lat' dir='ltr'><strong>conie-</strong></span> 
     </span>
     <span class='ocr_line' id='line_1_13' title="bbox 402 1418 1351 1509; baseline -0.007 -21"><span class='ocrx_word' id='word_1_60' title='bbox 402 1433 523 1488; x_wconf 91' lang='lat' dir='ltr'><strong>ctorum</strong></span> <span class='ocrx_word' id='word_1_61' title='bbox 544 1421 587 1505; x_wconf 74' lang='lat' dir='ltr'><strong>l¹).</strong></span> <span class='ocrx_word' id='word_1_62' title='bbox 639 1423 837 1509; x_wconf 83' lang='lat' dir='ltr'><strong>Quamquam</strong></span> <span class='ocrx_word' id='word_1_63' title='bbox 866 1426 898 1487; x_wconf 94' lang='lat' dir='ltr'><strong>in</strong></span> <span class='ocrx_word' id='word_1_64' title='bbox 920 1424 967 1487; x_wconf 92' lang='lat' dir='ltr'><strong>his</strong></span> <span class='ocrx_word' id='word_1_65' title='bbox 990 1419 1086 1486; x_wconf 90' lang='lat' dir='ltr'><strong>titulis</strong></span> <span class='ocrx_word' id='word_1_66' title='bbox 1107 1418 1219 1484; x_wconf 84' lang='lat' dir='ltr'><strong>verba:</strong></span> <span class='ocrx_word' id='word_1_67' title='bbox 1253 1419 1351 1485; x_wconf 78' lang='grc' dir='ltr'><em>τοῦτο</em></span> 
     </span>
     <span class='ocr_line' id='line_1_14' title="bbox 401 1529 1353 1624; baseline -0.005 -25"><span class='ocrx_word' id='word_1_68' title='bbox 401 1529 439 1599; x_wconf 85' lang='grc' dir='ltr'><strong>τὸ</strong></span> <span class='ocrx_word' id='word_1_69' title='bbox 463 1529 601 1620; x_wconf 74' lang='grc' dir='ltr'><em>ἀγαθὸν</em></span> <span class='ocrx_word' id='word_1_70' title='bbox 623 1537 720 1624; x_wconf 68' lang='grc' dir='ltr'><em>ἔργον</em></span> <span class='ocrx_word' id='word_1_71' title='bbox 741 1539 867 1620; x_wconf 74' lang='grc' dir='ltr'><strong><em>ἐγένετο</em></strong></span> <span class='ocrx_word' id='word_1_72' title='bbox 886 1534 1004 1602; x_wconf 85' lang='lat' dir='ltr'><strong>eodem</strong></span> <span class='ocrx_word' id='word_1_73' title='bbox 1026 1535 1110 1620; x_wconf 82' lang='lat' dir='ltr'><strong>jure,</strong></span> <span class='ocrx_word' id='word_1_74' title='bbox 1140 1553 1204 1618; x_wconf 92' lang='lat' dir='ltr'><strong>quo</strong></span> <span class='ocrx_word' id='word_1_75' title='bbox 1227 1535 1259 1596; x_wconf 91' lang='lat' dir='ltr'><strong>in</strong></span> <span class='ocrx_word' id='word_1_76' title='bbox 1281 1529 1353 1595; x_wconf 81' lang='lat' dir='ltr'><strong>reli-</strong></span> 
     </span>
     <span class='ocr_line' id='line_1_15' title="bbox 401 1642 1352 1734; baseline -0.008 -21"><span class='ocrx_word' id='word_1_77' title='bbox 401 1649 471 1734; x_wconf 90' lang='lat' dir='ltr'><strong>quis</strong></span> <span class='ocrx_word' id='word_1_78' title='bbox 502 1669 566 1712; x_wconf 84' lang='lat' dir='ltr'><strong>vox</strong></span> <span class='ocrx_word' id='word_1_79' title='bbox 606 1650 739 1726; x_wconf 80' lang='grc' dir='ltr'><strong><em>ἐποίησε</em></strong></span> <span class='ocrx_word' id='word_1_80' title='bbox 772 1647 812 1711; x_wconf 90' lang='lat' dir='ltr'><strong>ad</strong></span> <span class='ocrx_word' id='word_1_81' title='bbox 848 1646 955 1733; x_wconf 89' lang='lat' dir='ltr'><strong>templi</strong></span> <span class='ocrx_word' id='word_1_82' title='bbox 991 1643 1241 1710; x_wconf 89' lang='lat' dir='ltr'><strong>aedificationem</strong></span> <span class='ocrx_word' id='word_1_83' title='bbox 1273 1642 1352 1706; x_wconf 86' lang='lat' dir='ltr'><strong>trahi</strong></span> 
     </span>
     <span class='ocr_line' id='line_1_16' title="bbox 400 1753 1353 1846; baseline -0.008 -21"><span class='ocrx_word' id='word_1_84' title='bbox 400 1763 536 1846; x_wconf 89' lang='lat' dir='ltr'><strong>possint,</strong></span> <span class='ocrx_word' id='word_1_85' title='bbox 558 1771 662 1825; x_wconf 89' lang='lat' dir='ltr'><strong>tamen</strong></span> <span class='ocrx_word' id='word_1_86' title='bbox 684 1781 793 1838; x_wconf 88' lang='lat' dir='ltr'><strong>nemo,</strong></span> <span class='ocrx_word' id='word_1_87' title='bbox 815 1763 921 1846; x_wconf 90' lang='lat' dir='ltr'><strong>primis</strong></span> <span class='ocrx_word' id='word_1_88' title='bbox 945 1758 1168 1821; x_wconf 79' lang='lat' dir='ltr'><strong>architecturae</strong></span> <span class='ocrx_word' id='word_1_89' title='bbox 1191 1753 1353 1818; x_wconf 89' lang='lat' dir='ltr'><strong>elementis</strong></span> 
     </span>
    </p>
   </div>
   <div class='ocr_carea' id='block_1_7' title="bbox 296 1865 1352 1960">
    <p class='ocr_par' dir='ltr' id='par_1_8' title="bbox 296 1865 1352 1960">
     <span class='ocr_line' id='line_1_17' title="bbox 296 1865 1352 1960; baseline -0.008 -23"><span class='ocrx_word' id='word_1_90' title='bbox 296 1907 300 1916; x_wconf 93' lang='lat'><strong>·</strong></span> <span class='ocrx_word' id='word_1_91' title='bbox 400 1869 550 1951; x_wconf 90' lang='lat' dir='ltr'><strong>imbutus,</strong></span> <span class='ocrx_word' id='word_1_92' title='bbox 584 1870 644 1936; x_wconf 92' lang='lat' dir='ltr'><strong>sibi</strong></span> <span class='ocrx_word' id='word_1_93' title='bbox 674 1871 879 1958; x_wconf 84' lang='lat' dir='ltr'><strong>persuadeat,</strong></span> <span class='ocrx_word' id='word_1_94' title='bbox 912 1879 1114 1960; x_wconf 88' lang='lat' dir='ltr'><strong>monumenta</strong></span> <span class='ocrx_word' id='word_1_95' title='bbox 1142 1865 1301 1932; x_wconf 89' lang='lat' dir='ltr'><strong>Philensia</strong></span> <span class='ocrx_word' id='word_1_96' title='bbox 1335 1888 1352 1929; x_wconf 86' lang='lat' dir='ltr'><strong>a</strong></span> 
     </span>
    </p>
   </div>
   <div class='ocr_carea' id='block_1_8' title="bbox 399 1983 1354 3642">
    <p class='ocr_par' dir='ltr' id='par_1_9' title="bbox 400 1983 1354 2513">
     <span class='ocr_line' id='line_1_18' title="bbox 402 1983 1354 2068; baseline -0.008 -18"><span class='ocrx_word' id='word_1_97' title='bbox 402 1983 601 2068; x_wconf 89' lang='lat' dir='ltr'><strong>Coptitarum</strong></span> <span class='ocrx_word' id='word_1_98' title='bbox 624 1983 930 2066; x_wconf 78' lang='lat' dir='ltr'><strong>episcopis‘condita</strong></span> <span class='ocrx_word' id='word_1_99' title='bbox 953 2001 1032 2045; x_wconf 90' lang='lat' dir='ltr'><strong>esse.</strong></span> <span class='ocrx_word' id='word_1_100' title='bbox 1070 1983 1180 2061; x_wconf 90' lang='lat' dir='ltr'><strong>Itaque</strong></span> <span class='ocrx_word' id='word_1_101' title='bbox 1203 1983 1276 2043; x_wconf 91' lang='lat' dir='ltr'><strong>satis</strong></span> <span class='ocrx_word' id='word_1_102' title='bbox 1299 2001 1354 2065; x_wconf 91' lang='lat' dir='ltr'><strong>ap·</strong></span> 
     </span>
     <span class='ocr_line' id='line_1_19' title="bbox 401 2087 1352 2177; baseline -0.002 -23"><span class='ocrx_word' id='word_1_103' title='bbox 401 2103 505 2177; x_wconf 89' lang='lat' dir='ltr'><strong>paret,</strong></span> <span class='ocrx_word' id='word_1_104' title='bbox 540 2091 788 2175; x_wconf 86' lang='lat' dir='ltr'><strong>disquisitionem</strong></span> <span class='ocrx_word' id='word_1_105' title='bbox 818 2089 858 2152; x_wconf 87' lang='lat' dir='ltr'><strong>de</strong></span> <span class='ocrx_word' id='word_1_106' title='bbox 888 2099 990 2153; x_wconf 87' lang='lat' dir='ltr'><strong>aetate</strong></span> <span class='ocrx_word' id='word_1_107' title='bbox 1018 2087 1206 2172; x_wconf 88' lang='lat' dir='ltr'><strong>templorum</strong></span> <span class='ocrx_word' id='word_1_108' title='bbox 1234 2092 1352 2172; x_wconf 84' lang='lat' dir='ltr'><strong>graecis</strong></span> 
     </span>
     <span class='ocr_line' id='line_1_20' title="bbox 400 2181 1354 2286; baseline -0.003 -19"><span class='ocrx_word' id='word_1_109' title='bbox 400 2200 501 2267; x_wconf 85' lang='lat' dir='ltr'><strong>titulis</strong></span> <span class='ocrx_word' id='word_1_110' title='bbox 525 2221 592 2264; x_wconf 94' lang='lat' dir='ltr'><strong>non</strong></span> <span class='ocrx_word' id='word_1_111' title='bbox 620 2199 815 2286; x_wconf 79' lang='lat' dir='ltr'><strong>profligatam</strong></span> <span class='ocrx_word' id='word_1_112' title='bbox 839 2221 922 2276; x_wconf 87' lang='lat' dir='ltr'><strong>esse,</strong></span> <span class='ocrx_word' id='word_1_113' title='bbox 952 2198 1009 2270; x_wconf 87' lang='lat' dir='ltr'><strong>sed</strong></span> <span class='ocrx_word' id='word_1_114' title='bbox 1031 2221 1049 2263; x_wconf 92' lang='lat' dir='ltr'><strong>a</strong></span> <span class='ocrx_word' id='word_1_115' title='bbox 1072 2181 1242 2283; x_wconf 84' lang='lat' dir='ltr'><strong>conjuncta</strong></span> <span class='ocrx_word' id='word_1_116' title='bbox 1259 2184 1354 2265; x_wconf 81' lang='lat' dir='ltr'><strong>¹nota-</strong></span> 
     </span>
     <span class='ocr_line' id='line_1_21' title="bbox 400 2311 1352 2410; baseline 0 -33"><span class='ocrx_word' id='word_1_117' title='bbox 400 2333 468 2378; x_wconf 90' lang='lat' dir='ltr'><strong>rum</strong></span> <span class='ocrx_word' id='word_1_118' title='bbox 490 2311 795 2398; x_wconf 84' lang='lat' dir='ltr'><strong>hieroglyphicarum</strong></span> <span class='ocrx_word' id='word_1_119' title='bbox 817 2313 946 2376; x_wconf 86' lang='lat' dir='ltr'><strong>scientia</strong></span> <span class='ocrx_word' id='word_1_120' title='bbox 968 2312 1035 2375; x_wconf 79' lang='lat' dir='ltr'><strong>veri</strong></span> <span class='ocrx_word' id='word_1_121' title='bbox 1057 2313 1267 2396; x_wconf 83' lang='lat' dir='ltr'><strong>cognitionem</strong></span> <span class='ocrx_word' id='word_1_122' title='bbox 1281 2335 1352 2410; x_wconf 87' lang='lat' dir='ltr'><strong>spe-</strong></span> 
     </span>
     <span class='ocr_line' id='line_1_22' title="bbox 401 2429 589 2513; baseline -0.011 -22"><span class='ocrx_word' id='word_1_123' title='bbox 401 2429 463 2491; x_wconf 91' lang='lat' dir='ltr'><strong>rari</strong></span> <span class='ocrx_word' id='word_1_124' title='bbox 484 2447 589 2513; x_wconf 89' lang='lat' dir='ltr'><strong>posse.</strong></span> 
     </span>
    </p>

    <p class='ocr_par' dir='ltr' id='par_1_10' title="bbox 399 2529 1352 3642">
     <span class='ocr_line' id='line_1_23' title="bbox 467 2529 1350 2626; baseline 0 -24"><span class='ocrx_word' id='word_1_125' title='bbox 467 2536 593 2624; x_wconf 84' lang='lat' dir='ltr'><strong>Templi</strong></span> <span class='ocrx_word' id='word_1_126' title='bbox 615 2536 744 2623; x_wconf 82' lang='lat' dir='ltr'><strong>adytum</strong></span> <span class='ocrx_word' id='word_1_127' title='bbox 766 2535 870 2602; x_wconf 89' lang='lat' dir='ltr'><strong>multis</strong></span> <span class='ocrx_word' id='word_1_128' title='bbox 894 2544 1016 2601; x_wconf 86' lang='lat' dir='ltr'><strong>constat</strong></span> <span class='ocrx_word' id='word_1_129' title='bbox 1035 2529 1247 2614; x_wconf 81' lang='lat' dir='ltr'><strong>conclavibus,</strong></span> <span class='ocrx_word' id='word_1_130' title='bbox 1271 2559 1350 2626; x_wconf 85' lang='lat' dir='ltr'><strong>quae</strong></span> 
     </span>
     <span class='ocr_line' id='line_1_24' title="bbox 399 2648 1350 2736; baseline -0.003 -19"><span class='ocrx_word' id='word_1_131' title='bbox 399 2653 525 2717; x_wconf 90' lang='lat' dir='ltr'><strong>nonnisi</strong></span> <span class='ocrx_word' id='word_1_132' title='bbox 553 2672 611 2736; x_wconf 91' lang='lat' dir='ltr'><strong>per</strong></span> <span class='ocrx_word' id='word_1_133' title='bbox 638 2659 762 2736; x_wconf 87' lang='lat' dir='ltr'><strong>portam</strong></span> <span class='ocrx_word' id='word_1_134' title='bbox 790 2651 963 2736; x_wconf 88' lang='lat' dir='ltr'><strong>primariam</strong></span> <span class='ocrx_word' id='word_1_135' title='bbox 990 2648 1052 2729; x_wconf 88' lang='lat' dir='ltr'><strong>(ad</strong></span> <span class='ocrx_word' id='word_1_136' title='bbox 1075 2649 1113 2729; x_wconf 88' lang='lat' dir='ltr'><strong>e)</strong></span> <span class='ocrx_word' id='word_1_137' title='bbox 1143 2660 1238 2734; x_wconf 90' lang='lat' dir='ltr'><strong>atque</strong></span> <span class='ocrx_word' id='word_1_138' title='bbox 1261 2650 1350 2716; x_wconf 88' lang='lat' dir='ltr'><strong>aliam</strong></span> 
     </span>
     <span class='ocr_line' id='line_1_25' title="bbox 400 2761 1351 2851; baseline -0.002 -23"><span class='ocrx_word' id='word_1_139' title='bbox 400 2763 524 2851; x_wconf 88' lang='lat' dir='ltr'><strong>portam</strong></span> <span class='ocrx_word' id='word_1_140' title='bbox 552 2761 780 2849; x_wconf 79' lang='lat' dir='ltr'><strong>occidentalem</strong></span> <span class='ocrx_word' id='word_1_141' title='bbox 810 2761 872 2843; x_wconf 88' lang='lat' dir='ltr'><strong>(ad</strong></span> <span class='ocrx_word' id='word_1_142' title='bbox 894 2762 926 2844; x_wconf 88' lang='lat' dir='ltr'><strong>l)</strong></span> <span class='ocrx_word' id='word_1_143' title='bbox 955 2761 1058 2826; x_wconf 88' lang='lat' dir='ltr'><strong>lucem</strong></span> <span class='ocrx_word' id='word_1_144' title='bbox 1080 2763 1249 2846; x_wconf 91' lang='lat' dir='ltr'><strong>accipiunt;</strong></span> <span class='ocrx_word' id='word_1_145' title='bbox 1278 2783 1351 2848; x_wconf 88' lang='lat' dir='ltr'><strong>pro-</strong></span> 
     </span>
     <span class='ocr_line' id='line_1_26' title="bbox 400 2872 1351 2960; baseline 0 -22"><span class='ocrx_word' id='word_1_146' title='bbox 400 2885 472 2960; x_wconf 87' lang='lat' dir='ltr'><strong>pter</strong></span> <span class='ocrx_word' id='word_1_147' title='bbox 500 2875 719 2958; x_wconf 88' lang='lat' dir='ltr'><strong>sempiternam</strong></span> <span class='ocrx_word' id='word_1_148' title='bbox 745 2874 828 2939; x_wconf 89' lang='lat' dir='ltr'><strong>coeli</strong></span> <span class='ocrx_word' id='word_1_149' title='bbox 850 2877 1047 2940; x_wconf 87' lang='lat' dir='ltr'><strong>serenitatem</strong></span> <span class='ocrx_word' id='word_1_150' title='bbox 1068 2876 1173 2960; x_wconf 88' lang='lat' dir='ltr'><strong>primis</strong></span> <span class='ocrx_word' id='word_1_151' title='bbox 1197 2872 1351 2938; x_wconf 87' lang='lat' dir='ltr'><strong>conclavi-</strong></span> 
     </span>
     <span class='ocr_line' id='line_1_27' title="bbox 400 2975 1351 3097; baseline 0.002 -47"><span class='ocrx_word' id='word_1_152' title='bbox 400 2985 461 3050; x_wconf 90' lang='lat' dir='ltr'><strong>bus</strong></span> <span class='ocrx_word' id='word_1_153' title='bbox 494 2983 671 3072; x_wconf 88' lang='lat' dir='ltr'><strong>paullulum</strong></span> <span class='ocrx_word' id='word_1_154' title='bbox 705 2985 851 3096; x_wconf 65' lang='lat' dir='ltr'><strong>claritaq&#39;s</strong></span> <span class='ocrx_word' id='word_1_155' title='bbox 884 2998 945 3066; x_wconf 88' lang='lat' dir='ltr'><strong>est,</strong></span> <span class='ocrx_word' id='word_1_156' title='bbox 978 2975 1160 3097; x_wconf 43' lang='lat' dir='ltr'><strong>remotiora*</strong></span> <span class='ocrx_word' id='word_1_157' title='bbox 1178 2998 1279 3051; x_wconf 87' lang='lat' dir='ltr'><strong>autem</strong></span> <span class='ocrx_word' id='word_1_158' title='bbox 1307 2988 1351 3052; x_wconf 87' lang='lat' dir='ltr'><strong>ita</strong></span> 
     </span>
     <span class='ocr_line' id='line_1_28' title="bbox 401 3097 1349 3190; baseline -0.001 -27"><span class='ocrx_word' id='word_1_159' title='bbox 401 3108 473 3163; x_wconf 87' lang='lat' dir='ltr'><strong>sunt</strong></span> <span class='ocrx_word' id='word_1_160' title='bbox 507 3098 704 3183; x_wconf 82' lang='lat' dir='ltr'><strong>caliginosa,</strong></span> <span class='ocrx_word' id='word_1_161' title='bbox 725 3108 761 3163; x_wconf 93' lang='lat' dir='ltr'><strong>ut</strong></span> <span class='ocrx_word' id='word_1_162' title='bbox 793 3101 861 3163; x_wconf 91' lang='lat' dir='ltr'><strong>sine</strong></span> <span class='ocrx_word' id='word_1_163' title='bbox 889 3097 1022 3164; x_wconf 56' lang='lat' dir='ltr'><strong>lacibus*</strong></span> <span class='ocrx_word' id='word_1_164' title='bbox 1038 3103 1088 3190; x_wconf 79' lang='lat' dir='ltr'><strong>vir</strong></span> <span class='ocrx_word' id='word_1_165' title='bbox 1115 3098 1195 3164; x_wconf 87' lang='lat' dir='ltr'><strong>adiri</strong></span> <span class='ocrx_word' id='word_1_166' title='bbox 1224 3109 1349 3183; x_wconf 90' lang='lat' dir='ltr'><strong>queant.</strong></span> 
     </span>
     <span class='ocr_line' id='line_1_29' title="bbox 400 3208 1349 3301; baseline 0.001 -26"><span class='ocrx_word' id='word_1_167' title='bbox 400 3208 495 3275; x_wconf 88' lang='lat' dir='ltr'><strong>Haud</strong></span> <span class='ocrx_word' id='word_1_168' title='bbox 524 3208 652 3276; x_wconf 89' lang='lat' dir='ltr'><strong>dubium</strong></span> <span class='ocrx_word' id='word_1_169' title='bbox 681 3220 743 3288; x_wconf 90' lang='lat' dir='ltr'><strong>est,</strong></span> <span class='ocrx_word' id='word_1_170' title='bbox 772 3214 847 3297; x_wconf 90' lang='lat' dir='ltr'><strong>quin</strong></span> <span class='ocrx_word' id='word_1_171' title='bbox 870 3215 1003 3299; x_wconf 82' lang='lat' dir='ltr'><strong>antiquis</strong></span> <span class='ocrx_word' id='word_1_172' title='bbox 1024 3210 1219 3301; x_wconf 87' lang='lat' dir='ltr'><strong>temporibus</strong></span> <span class='ocrx_word' id='word_1_173' title='bbox 1239 3231 1349 3296; x_wconf 82' lang='lat' dir='ltr'><strong>magna</strong></span> 
     </span>
     <span class='ocr_line' id='line_1_30' title="bbox 401 3320 1351 3409; baseline 0.004 -25"><span class='ocrx_word' id='word_1_174' title='bbox 401 3321 502 3387; x_wconf 82' lang='lat' dir='ltr'><strong>facum</strong></span> <span class='ocrx_word' id='word_1_175' title='bbox 523 3320 690 3387; x_wconf 88' lang='lat' dir='ltr'><strong>multitudo</strong></span> <span class='ocrx_word' id='word_1_176' title='bbox 715 3321 803 3408; x_wconf 75' lang='lat' dir='ltr'><strong>adyti</strong></span> <span class='ocrx_word' id='word_1_177' title='bbox 824 3336 949 3389; x_wconf 85' lang='lat' dir='ltr'><strong>noctem</strong></span> <span class='ocrx_word' id='word_1_178' title='bbox 973 3324 1217 3401; x_wconf 66' lang='lat' dir='ltr'><strong>conspiraverit,</strong></span> <span class='ocrx_word' id='word_1_179' title='bbox 1245 3344 1351 3409; x_wconf 87' lang='lat' dir='ltr'><strong>neque</strong></span> 
     </span>
     <span class='ocr_line' id='line_1_31' title="bbox 402 3417 1352 3522; baseline 0.005 -26"><span class='ocrx_word' id='word_1_180' title='bbox 402 3431 492 3498; x_wconf 90' lang='lat' dir='ltr'><strong>aliam</strong></span> <span class='ocrx_word' id='word_1_181' title='bbox 513 3435 668 3499; x_wconf 83' lang='lat' dir='ltr'><strong>rationein</strong></span> <span class='ocrx_word' id='word_1_182' title='bbox 689 3435 781 3521; x_wconf 76' lang='lat' dir='ltr'><strong>hujus</strong></span> <span class='ocrx_word' id='word_1_183' title='bbox 804 3434 912 3522; x_wconf 91' lang='lat' dir='ltr'><strong>templi</strong></span> <span class='ocrx_word' id='word_1_184' title='bbox 935 3417 1152 3502; x_wconf 87' lang='lat' dir='ltr'><strong>sacerdotibus</strong></span> <span class='ocrx_word' id='word_1_185' title='bbox 1168 3434 1263 3502; x_wconf 77' lang='lat' dir='ltr'><strong>fidsse</strong></span> <span class='ocrx_word' id='word_1_186' title='bbox 1280 3457 1352 3501; x_wconf 87' lang='lat' dir='ltr'><strong>cen·</strong></span> 
     </span>
     <span class='ocr_line' id='line_1_32' title="bbox 400 3545 1352 3642; baseline 0.003 -33"><span class='ocrx_word' id='word_1_187' title='bbox 400 3567 513 3623; x_wconf 88' lang='lat' dir='ltr'><strong>semus,</strong></span> <span class='ocrx_word' id='word_1_188' title='bbox 537 3567 629 3632; x_wconf 91' lang='lat' dir='ltr'><strong>quam</strong></span> <span class='ocrx_word' id='word_1_189' title='bbox 653 3553 789 3642; x_wconf 80' lang='lat' dir='ltr'><strong>quaein</strong></span> <span class='ocrx_word' id='word_1_190' title='bbox 812 3560 860 3618; x_wconf 87' lang='lat' dir='ltr'><strong>tot</strong></span> <span class='ocrx_word' id='word_1_191' title='bbox 881 3549 990 3615; x_wconf 78' lang='lat' dir='ltr'><strong>ltaliae</strong></span> <span class='ocrx_word' id='word_1_192' title='bbox 1014 3561 1046 3614; x_wconf 87' lang='lat' dir='ltr'><strong>et</strong></span> <span class='ocrx_word' id='word_1_193' title='bbox 1059 3547 1257 3614; x_wconf 86' lang='lat' dir='ltr'><strong>Palaestinae</strong></span> <span class='ocrx_word' id='word_1_194' title='bbox 1279 3545 1352 3613; x_wconf 90' lang='lat' dir='ltr'><strong>sub·</strong></span> 
     </span>
    </p>
   </div>
   <div class='ocr_carea' id='block_1_9' title="bbox 314 3641 1351 3739">
    <p class='ocr_par' dir='ltr' id='par_1_11' title="bbox 314 3641 1351 3739">
     <span class='ocr_line' id='line_1_33' title="bbox 314 3641 1351 3739; baseline 0.003 -17"><span class='ocrx_word' id='word_1_195' title='bbox 314 3651 317 3655; x_wconf 63' lang='grc'><strong>’</strong></span> <span class='ocrx_word' id='word_1_196' title='bbox 400 3641 550 3724; x_wconf 69' lang='lat' dir='ltr'><strong>terdaneis</strong></span> <span class='ocrx_word' id='word_1_197' title='bbox 574 3657 823 3726; x_wconf 84' lang='lat' dir='ltr'><strong>Christianorum</strong></span> <span class='ocrx_word' id='word_1_198' title='bbox 851 3660 976 3727; x_wconf 86' lang='lat' dir='ltr'><strong>sacellis</strong></span> <span class='ocrx_word' id='word_1_199' title='bbox 999 3663 1092 3727; x_wconf 80' lang='lat' dir='ltr'><strong>etiam</strong></span> <span class='ocrx_word' id='word_1_200' title='bbox 1112 3681 1197 3726; x_wconf 88' lang='lat' dir='ltr'><strong>nunc</strong></span> <span class='ocrx_word' id='word_1_201' title='bbox 1218 3648 1351 3739; x_wconf 79' lang='lat' dir='ltr'><strong>tenetur,</strong></span> 
     </span>
    </p>
   </div>
   <div class='ocr_carea' id='block_1_10' title="bbox 342 3895 1043 3981">
    <p class='ocr_par' dir='ltr' id='par_1_12' title="bbox 342 3895 1043 3981">
     <span class='ocr_line' id='line_1_34' title="bbox 342 3895 1043 3981; baseline 0.031 -32"><span class='ocrx_word' id='word_1_202' title='bbox 342 3960 346 3970; x_wconf 39' lang='grc' dir='ltr'>Ι</span> <span class='ocrx_word' id='word_1_203' title='bbox 435 3903 460 3974; x_wconf 85' lang='lat'><strong>⁰)</strong></span> <span class='ocrx_word' id='word_1_204' title='bbox 477 3901 510 3961; x_wconf 81' lang='lat' dir='ltr'><strong>ci.</strong></span> <span class='ocrx_word' id='word_1_205' title='bbox 529 3902 587 3962; x_wconf 83' lang='lat' dir='ltr'><strong>Gau</strong></span> <span class='ocrx_word' id='word_1_206' title='bbox 605 3895 735 3981; x_wconf 71' lang='lat' dir='ltr'><strong>Inscripti.</strong></span> <span class='ocrx_word' id='word_1_207' title='bbox 756 3900 841 3960; x_wconf 70' lang='lat' dir='ltr'><strong>Nubit.</strong></span> <span class='ocrx_word' id='word_1_208' title='bbox 860 3899 919 3959; x_wconf 84' lang='grc' dir='ltr'><strong>ΧΠ.</strong></span> <span class='ocrx_word' id='word_1_209' title='bbox 936 3905 984 3972; x_wconf 58' lang='grc'><strong>47,</strong></span> <span class='ocrx_word' id='word_1_210' title='bbox 1000 3905 1043 3964; x_wconf 74' lang='grc'><strong>48·</strong></span> 
     </span>
    </p>
   </div>
   <div class='ocr_carea' id='block_1_11' title="bbox 0 0 1506 4544">
    <p class='ocr_par' dir='ltr' id='par_1_13' title="bbox 0 0 1506 4544">
     <span class='ocr_line' id='line_1_35' title="bbox 0 0 1506 4544; baseline 0 0"><span class='ocrx_word' id='word_1_211' title='bbox 0 0 1506 4544; x_wconf 95' lang='lat' dir='ltr'><strong> </strong></span> 
     </span>
    </p>
   </div>
  </div>
 </body>
</html>
