3002 4544
378 329 429 408 80

206 519 282 580 Pars
300 519 331 579 u.
379 497 423 588 ἦν
445 501 500 573 δ’ὁ
522 507 583 593 μὲν
604 509 758 598 μέγιστος
771 500 833 589 τὴν
847 501 1024 596 διοίμετρον
1038 509 1150 576 ποδοῖν
1164 505 1223 576 οὐκ
1237 510 1331 578 tlar-

379 614 485 686 τόνων
505 613 528 700 ἢ
550 614 682 700 δοίδεκοι,
704 615 849 698 ἅπαντες
871 621 906 686 δὲ
927 620 1057 706 μείζους
1078 615 1243 706 ἢημίσεις
1256 618 1331 688 τού·
1407 673 1411 682 ,

379 753 446 796 των
466 730 511 814 ll).
556 733 717 817 Διέβημευ
739 732 774 796 δὲ
797 737 842 810 εἰς
863 725 925 813 τὴν
945 734 1050 812 νῆσον
1071 735 1126 799 ἐπὶ
1145 727 1347 810 aristotton·-

380 840 399 930 δ
422 843 456 908 δὲ
478 837 611 909 πάκτων
632 837 688 908 διοὶ
711 844 913 912 σκυταλίδων
933 839 1079 930 πεπηγός
1094 849 1164 910 lore
1178 847 1330 934 osoplon,

380 950 446 1044 oict'
474 959 613 1022 ίοικίνοιι
634 955 848 1040 διαπλοκινῷῄ
871 956 1007 1032 ἑστῶτες
1028 952 1099 1022 δ’ίν
1112 950 1216 1034 ὕδατι,
1238 950 1331 1036 η’κοιὶ

380 1067 540 1144 σανιδίοις
566 1067 634 1152 τισὶ
661 1063 946 1156 προςκοιθηωενοι,
974 1068 1097 1154 ῥᾳδίως
1124 1063 1332 1156 ἐπεραιώθη-

379 1199 449 1264 μεν,
482 1174 522 1244 οὐ
555 1172 709 1254 δεδιότες·
743 1175 902 1246 ἀκίνδυνα
929 1175 993 1266 γάρ
1022 1184 1111 1244 ἐστιν
1138 1173 1182 1245 clv
1207 1173 1254 1266 μή
1278 1202 1332 1254 τις

379 1287 566 1376 ὑωίργομον
587 1285 707 1382 ποιήσῃ
729 1284 767 1357 τὰ
789 1292 979 1378 πορθμεῖον
1000 1289 1066 1373 **).
1119 1273 1126 1288 ⁸

422 1483 424 1488 Ι
447 1403 549 1490 Supra
560 1387 669 1468 Philas
684 1406 718 1468 in
732 1402 893 1468 meridiem
915 1425 1115 1492 progressum
1136 1403 1233 1468 fuisse
1248 1403 1331 1468 Stra-

380 1513 507 1606 bonem,
529 1515 614 1580 baud
636 1515 800 1581 credimus.
840 1516 1038 1604 Quamquam
1062 1515 1206 1598 enimde
1228 1515 1332 1580 reditu

382 1649 442 1716 per
462 1629 644 1715 Aegyptum
672 1627 750 1694 nihil
780 1626 868 1707 dicit,
897 1639 1008 1709 tamen,
1036 1628 1195 1694 Pbilarum
1208 1626 1333 1691 descri-

381 1741 491 1827 ptione
515 1738 670 1821 absoluta,
692 1740 865 1828 palmarum
888 1741 1042 1806 diversam
1062 1709 1214 1806 indolem⁰
1225 1748 1257 1804 et
1270 1739 1333 1804 lle-

355 1851 415 1918 ·lii
437 1851 524 1918 Galli
547 1854 778 1942 expeditionem
800 1855 1018 1942 Aethiopicam
1039 1863 1160 1918 tractat.

445 1965 549 2032 Aliam
578 1957 737 2030 Philarum
769 1968 913 2029 notitiam
942 1968 1115 2049 reperimus
1144 1963 1229 2047 apud
1258 1985 1334 2030 eun-

238 2099 241 2106 ·
275 2063 280 2074 ¹
382 2076 453 2141 derb
468 2076 568 2152 XVII,
590 2082 629 2158 p.‘
644 2053 731 2136 1'1'55
748 2075 786 2161 ¹in
800 2072 898 2138 Delta
919 2072 1140 2157 descriptione,
1162 2071 1218 2136 ubi
1238 2096 1333 2160 supra

380 2185 561 2278 Naucratim
589 2181 700 2246 urbem
726 2179 862 2246 Osiridis
891 2181 1014 2268 asylum
1037 2203 1107 2248 esse
1130 2181 1216 2263 dicit;
1245 2188 1280 2248 ἐν
1307 2175 1333 2269 ᾧ

294 2352 297 2358 .
380 2295 517 2362 κεῖσθαι
543 2286 604 2358 τὸν
618 2285 747 2380 Ὄσιρίν
775 2311 894 2384 φασιν·
924 2289 1173 2385 ἀμφισβητοῦσι
1202 2296 1236 2362 δὲ
1257 2293 1334 2365 τού-

381 2429 441 2475 του
461 2407 600 2487 mellei,
625 2407 682 2471 καὶ
702 2400 849 2492 μάλιστα
872 2409 904 2472 οί
925 2398 987 2499 τοὶς
1012 2406 1119 2484 Φίλοις
1141 2410 1207 2488 (εἰσ
1229 2409 1334 2497 legen-

378 2519 456 2586 dum
478 2537 538 2607 pro
564 2511 697 2600 Φυλλίς)
726 2518 906 2596 ολιιοῦντες,
934 2511 995 2594 τοὶς
1015 2515 1095 2605 ὑπὲρ
1117 2515 1257 2602 Συήνης
1277 2523 1334 2588 καὶ
1371 2555 1376 2562 ·

381 2633 442 2713 τῆς
471 2627 715 2720 Ἐλεφαντίνης.
753 2665 799 2681 -
853 2631 957 2718 Quam
993 2634 1136 2714 notitiam
1169 2631 1332 2728 Strabonis

373 2747 487 2815 animo
512 2744 669 2812 effluxisse
691 2756 850 2832 putamus,
880 2766 950 2808 curn
976 2745 1191 2828 inPhilarum
1220 2745 1334 2813 descri-

383 2861 493 2944 ptione
519 2878 626 2943 neque
649 2855 784 2924 Osiridis
811 2877 917 2942 neque
945 2857 1083 2943 sepulcri
1107 2858 1203 2924 ullam
1224 2857 1334 2922 fecerit

359 2947 584 3035 mentionem.
627 2970 699 3034 Jam
721 2971 950 3056 perspeximus,
974 2991 1066 3055 quam
1089 2967 1219 3034 difficile
1240 2971 1334 3034 sitin

383 3079 580 3170 mythologie
601 3081 796 3168 Aegyptiace
818 3084 895 3147 certi
917 3079 1036 3167 aliquid
1051 3079 1092 3146 de
1112 3075 1240 3170 singulis
1254 3081 1357 3158 Diis*

1280 3214 1335 3258 eo-

419 3367 447 3440 *)
471 3367 664 3426 accuratissima
692 3365 835 3445 descriptio
862 3365 923 3423 inde
947 3387 962 3421 a
984 3363 1074 3442 Syene
1102 3365 1136 3422 ad
1157 3364 1244 3424 Philas
1269 3368 1334 3423 viae.

454 3453 606 3531 Adspeetus
622 3455 750 3510 montium
766 3453 883 3518 illorum,
900 3454 1034 3510 immensis
1051 3451 1179 3530 lapidibus
1197 3463 1335 3530 congesto-

455 3559 526 3608 rum,
550 3539 675 3597 Straboni
699 3560 731 3597 eo
749 3537 889 3597 neubfficr
906 3547 975 3608 erat,
998 3560 1059 3598 cnm
1075 3543 1103 3598 iu
1119 3539 1242 3620 Aegypto
1259 3540 1336 3616 buius

456 3627 560 3703 generis
577 3637 680 3685 meotes
698 3645 827 3704 nunqnam
845 3627 1045 3703 conspiciantur.

423 3711 463 3786 ⁸⁸)
482 3711 577 3772 Mirum
594 3735 664 3782 sane,
683 3734 760 3790 quem
778 3707 896 3786 accurate
913 3711 1039 3771 hodierna
1050 3715 1210 3789 mvigiorum
1220 3711 1337 3787 Nnbien·

458 3801 527 3856 sium
544 3799 668 3873 fragilitas
685 3809 713 3856 et
735 3798 884 3856 brevissimi
906 3799 1031 3873 trajectus
1051 3799 1246 3858 incommodum
1266 3801 1337 3879 peri·

457 3884 577 3957 enlnmve
596 3905 655 3943 cnm
671 3884 754 3943 viride
772 3883 911 3942 Strabonis
928 3886 1039 3960 imagine
1056 3894 1220 3962 congruant.¹
