3002 4544
684 959 998 1046 Corrigenda.

767 1147 916 1156 —---—

435 1283 487 1341 Per
510 1303 628 1360 magnam
653 1287 708 1358 ejus
731 1287 870 1349 incuriam,
895 1287 954 1359 qui,
977 1294 1113 1358 autequam
1138 1283 1316 1351 excuderetur,

365 1371 478 1428 libellum
501 1383 619 1428 nostrum
640 1369 840 1429 desem'bendum
858 1369 959 1440 habuit,
982 1371 1077 1427 factum
1095 1381 1144 1439 est,
1162 1382 1191 1427 ut
1208 1371 1318 1449 plurima

365 1469 422 1516 om
439 1461 492 1515 sint
509 1458 602 1516 menda
620 1457 819 1536 typographica,
841 1458 934 1534 quibus
952 1458 1125 1534 corrigendis,
1144 1461 1236 1516 itinere
1254 1458 1318 1514 mul-

364 1547 450 1622 tisque
468 1549 579 1622 negotiis
598 1544 725 1614 districti,
744 1565 797 1600 non
813 1563 1001 1601 vacaveramus.
1038 1544 1118 1600 Forte
1136 1544 1237 1602 fortuna
1254 1545 1317 1602 haee

369 1633 445 1689 nobis
463 1632 574 1689 indicata
591 1643 662 1688 sunt:

399 1739 456 1798 pag.
495 1723 510 1774 7
529 1718 572 1775 h'n.
591 1723 625 1774 21
644 1719 715 1796 lege:
734 1719 875 1796 appellant
892 1738 941 1795 pro
961 1719 1107 1797 appellent.

414 1841 445 1848 -
494 1808 562 1862 9-
604 1809 622 1863 8
659 1843 690 1850 -
729 1805 898 1889 exadversum
916 1827 965 1884 pro
985 1827 1017 1862 ex
1034 1806 1177 1864 adversum.

413 1927 444 1936 -
477 1896 511 1947 14
530 1921 564 1932 ·--
599 1897 696 1972 9post
719 1895 879 1966 conjicias
903 1894 1000 1950 excidit
1022 1892 1117 1949 lineola
1144 1894 1217 1949 haee:
1246 1893 1316 1968 quod

634 1981 714 2036 modo
734 1980 855 2046 diximus,
874 1990 901 2034 et
913 1983 1085 2035 cestissimum
1099 1991 1147 2044 est,
1166 2001 1259 2054 nempe
1272 1979 1305 2034 id.

413 2097 443 2106 -—
478 2069 510 2119 18
529 2096 562 2105 -
584 2069 616 2118 19
634 2065 691 2136 lege
709 2081 815 2116 summo
834 2081 883 2136 pro
902 2076 1014 2114 summa.
1087 2057 1088 2062 ¹

412 2177 444 2188 -
476 2151 509 2202 21
532 2179 562 2189 —
601 2151 615 2201 l
636 2157 695 2201 ante
714 2145 834 2220 quibus
852 2148 938 2201 insere
957 2149 995 2200 in.

413 2267 444 2276 —
477 2235 512 2287 29
532 2265 563 2274 -
600 2235 619 2286 3
636 2241 698 2307 post
716 2229 826 2286 scalae
845 2251 914 2307 pone
932 2250 1039 2285 comma.

412 2349 443 2359 -
475 2320 702 2394 46-21p0ne
730 2337 830 2372 comma
856 2327 918 2394 post
946 2316 1139 2383 redieris,
1167 2317 1229 2373 tolle
1256 2330 1318 2394 post
1374 2348 1376 2352 ·

633 2405 748 2460 scales.

433 2488 509 2546 Pluea
528 2493 671 2566 anquirere,
689 2493 740 2565 jam
758 2511 811 2546 non
828 2494 956 2566 integrum
975 2501 1023 2546 est.
1055 2490 1180 2546 Ceterum
1198 2491 1316 2566 frequen·

363 2579 464 2634 tissime
483 2587 620 2655 peecatum
637 2576 740 2633 videtur
757 2579 784 2632 in
802 2580 937 2633 commatis
956 2577 1091 2653 ponendis.
