3002 4544
422 375 499 480 oo·

250 561 367 622 Prasii
424 556 538 640 ‘tiguam
571 553 722 638 majorem
757 553 950 616 minoremve
986 561 1051 626 uno
1079 551 1206 632 nomine
1234 571 1371 638 compre-

423 664 520 730 hendi
541 671 638 751 pos'se
663 701 707 713 —
736 666 826 728 sicuti
849 673 1022 728 cataractae
1043 665 1131 748 regio
1154 661 1195 727 ah
1217 663 1370 728 Archibus
1484 651 1485 680 ¹

417 779 496 843 'Sch
506 777 605 843 ellal
621 776 733 841 dicitur
749 815 799 855 -‚
822 775 958 862 siiagulas
974 787 1076 840 autem
1092 795 1277 861 sparsasque
1290 765 1371 840 insu-

402 891 469 978 las
506 891 642 976 cujusvis
674 888 796 953 insulae
824 888 936 954 incolis
959 887 1091 952 diversa
1121 887 1371 953 denominatione

423 999 660 1086 distinguendas
683 1000 790 1065 foisse.

468 1113 630 1177 -Omnino
659 1112 892 1199 disquisitiones
906 1120 908 1128 '
921 1111 961 1176 de
989 1115 1149 1204 nominum
1174 1105 1372 1198 propriorum

424 1235 531 1311 etymo
560 1227 649 1310 parvi
676 1227 826 1291 momenti
842 1234 940 1302 sunt,
973 1217 1089 1288 minimi
1122 1203 1224 1289 autem
1251 1225 1372 1288 urbium

424 1336 649 1415 derivationes,
679 1357 761 1422 quae
790 1333 830 1408 ad
852 1337 1011 1400 historiam
1036 1347 1067 1401 et
1090 1339 1308 1424 geographiam
1331 1337 1374 1400 di-

423 1445 630 1513 lu'cidandnn‘.
643 1467 754 1534 parum
774 1457 811 1511 ut
833 1458 956 1514 constat
978 1448 1153 1513 conferunt
1327 1429 1330 1432 ¹

230 1573 399 1655 demptorem
490 1562 573 1627 Cum
600 1565 646 1624 in·
662 1559 888 1624 dissertationis
916 1563 1005 1625 initio
1037 1563 1219 1646 opinionem
1248 1569 1286 1625 ert
1310 1581 1374 1625 mo·

229 1651 392 1695 testamenta.
422 1684 642 1738 numentorum
682 1671 890 1758 dispositione
927 1671 1022 1736 nohis
1052 1671 1225 1756 'probatam
1266 1672 1376 1736 attule-

422 1791 531 1865 rimus,
560 1785 667 1850 Philas
693 1783 825 1849 insulam
854 1785 1024 1868 antiquitus
1051 1803 1118 1848 non
1141 1783 1181 1848 ad
1202 1784 1376 1870 Aegyptio

423 1921 491 1964 rum
520 1905 649 1984 regnum
673 1899 879 1982 pertinuisse,
908 1915 1026 1980 operae
1052 1899 1276 1990 pretiummst,
1304 1900 1377 1964 scri-

423 2023 549 2098 ptorum
568 2030 639 2073 non
661 2007 764 2072 solum
787 2007 827 2071 de
850 1995 1111 2100 hac‘insula-sed
1135 2011 1226 2070 etism
1250 2009 1289 2071 de
1307 2007 1376 2073 fmi-

423 2121 483 2185 hus
517 2121 655 2206 Aegypti
687 2115 943 2185 meridionalibus
960 2117 1148 2178 *testimonia
1181 2119 1214 2180 in
1246 2116 1376 2185 brevem

332 2239 334 2245 ’
425 2241 628 2318 conspectum
658 2245 789 2317 ponere.
841 2227 914 2313 Qua
943 2228 975 2288 in
1003 2237 1038 2290 re
1063 2215 1187 2314 egregie
1208 2235 1376 2318 nos'juva-

424 2357 505 2424 runt,
528 2346 583 2431 qui
604 2347 690 2430 prius
714 2345 786 2408 hnic
807 2343 854 2404 rei
877 2359 1013 2423 operam-
1028 2335 1185 2405 dederunt
1199 2339 1248 2423 *)‚
1270 2365 1374 2430 neque

425 2457 531 2522 denuo
555 2453 686 2522 adea'm
708 2447 925 2542 inquirendam
948 2450 1184 2532 accederemus,
1217 2477 1287 2518 cum
1313 2458 1375 2541 jam

420 2568 465 2644 ¹ab
488 2567 666 2634 hominihus
689 2565 943 2654 ingeniosissimis
966 2571 1095 2630 tractata
1114 2568 1161 2644 sit,
1183 2569 1243 2631 nisi
1265 2567 1373 2644 exilio
1410 2557 1420 2567 ²
1484 2573 1485 2656 J

423 2695 566 2766 tempore
589 2681 748 2745 niatorum
777 2699 852 2742 cura
880 2686 912 2740 et
939 2675 1091 2752 industria
1116 2677 1221 2743 multa·
1235 2701 1319 2744 nova
1343 2691 1376 2745 et

423 2847 624 2862 ffl

492 2971 583 3018 mime,
607 2950 721 3026 qu'enli'n
738 2949 764 3007 le
781 2973 843 3008 nom
861 2953 1033 3034 Elephantine
1050 2951 1117 3011 n'esi
1135 2963 1207 3009 autre
1225 2952 1303 3010 chose
1322 2975 1376 3030 que

493 3037 561 3093 celui
585 3037 618 3094 de
636 3035 725 3094 Philae
748 3037 845 3094 traduit
866 3061 900 3097 en
922 3049 997 3114 grec,¹
1020 3049 1047 3096 ei
1069 3053 1119 3114 que
1141 3039 1208 3096 celui
1230 3038 1263 3096 de
1285 3039 1376 3098 Philae

457 3159 461 3176 r
488 3133 535 3184 est
549 3123 580 3180 'le
598 3145 660 3182 nom
678 3126 782 3201 entique
794 3125 995 3205 d¹lllephantioe
1012 3146 1076 3182 avec
1092 3147 1144 3182 nne
1162 3125 1377 3211 liaalegrecqne,

492 3233 527 3269 on
549 3223 614 3290 peut
637 3213 815 3286 conjecturor,
840 3235 891 3290 qne
907 3213 974 3287 jadis
992 3222 1079 3269 tontes
1098 3233 1143 3293 ecs
1160 3213 1208 3270 iles
1227 3215 1378 3292 repandues
1484 3289 1485 3292 Ἴ

464 3373 467 3378 ¹
491 3299 557 3356 dans
574 3297 604 3356 lo
617 3299 711 3376 heure,
729 3299 867 3358 an-dessus
884 3310 912 3356 et
929 3298 1083 3357 andessous
1101 3298 1135 3355 de
1152 3297 1177 3355 la
1189 3299 1315 3364 demiere
1325 3318 1392 3368 ‘ca-,
1484 3297 1485 3306 ’

491 3395 603 3455 teractc',
631 3379 767 3462 portoient
789 3385 814 3442 le
843 3405 905 3444 nom
932 3377 1054 3444 commun
1079 3373 1181 3443 de'til.
1225 3387 1380 3458 l'ajouterai

492 3490 542 3526 une
563 3493 700 3550 remarqnc
723 3471 850 3541 decisivo,
874 3482 940 3529 c’est
957 3493 1008 3548 qne
1025 3471 1053 3528 la
1067 3471 1145 3538 finale
1163 3474 1242 3550 qn'on
1259 3497 1274 3531 a
1291 3477 1379 3550 jointe

493 3576 525 3612 nu
543 3568 599 3614 mot
615 3558 653 3614 iil
670 3569 714 3618 est
729 3557 754 3614 lc‘
772 3562 846 3635 signe
863 3559 898 3618 de
914 3558 939 3615 la
956 3558 1084 3636 plut-aliti.
1104 3593 1136 3603 -

458 3643 480 3712 ‘l
500 3639 731 3700 Crenaerusin
748 3655 898 3703 commenti.
910 3643 1038 3702 Herodot,
1053 3667 1081 3722 p.
1101 3649 1153 3702 175
1170 3663 1229 3723 sqq.
1248 3646 1379 3706 ,Ritte-
1484 3651 1485 3684 l

491 3750 545 3786 rus
567 3732 595 3786 in
617 3729 713 3805 Geogr.
735 3731 755 3789 Ι.
778 3751 805 3810 p.
828 3737 880 3790 68⁰
901 3754 959 3810 sqq.
1000 3732 1208 3792 Niebu‘hrius
1229 3733 1299 3812 apud
1323 3731 1380 3790 Ga-

491 3817 561 3872 vium
574 3837 605 3894 p.
624 3819 640 3871 7
657 3835 721 3893 sqq,
779 3858 783 3862 ,
1190 3845 1193 3854 ·
