3002 4544
394 311 420 386 8

226 499 301 562 Pus
318 503 337 564 t.
394 488 556 577 potentiae
583 483 678 565 elata,
705 483 787 550 fines
814 487 848 549 in
875 483 974 569 prima
1001 490 1155 548 cataracta
1175 483 1341 570 posuisset.

393 601 484 667 Haec
504 603 624 688 opinio,
645 620 714 663 cum
736 599 944 662 monumentis
966 605 1001 661 ut
1021 596 1055 661 in
1075 593 1178 661 insula
1196 599 1255 662 sita
1268 607 1343 664 suut

395 717 513 802 optime
535 731 720 799 congruens,
742 707 1016 886 cuiquelpabulam
1037 719 1176 773 nostram
1190 707 1214 773 Ι.
1237 706 1343 774 obiter

394 824 578 913 adspicienti
597 821 732 911 probata
754 825 821 887 erit.
888 824 984 887 tcnim
1004 823 1037 885 in
1062 818 1184 886 insulae
1205 831 1342 887 extrema

392 947 482 1022 parte
496 935 693 1002 meridionali
707 947 779 1000 sunt
793 933 898 1000 scolae
912 936 1047 1021 majores
1063 935 1130 1015 (H),
1153 931 1266 1020 quibus
1286 955 1342 998 na-

391 1068 448 1112 ves
470 1049 682 1136 appellerent3
704 1046 803 1112 scales
826 1046 908 1112 duae
928 1049 1067 1133 porticus
1091 1046 1141 1126 (Ι)
1166 1057 1198 1111 et
1218 1045 1268 1127 E)
1291 1067 1342 1110 ex-

391 1160 518 1246 cipiunt.
555 1161 724 1227 Praeterea
744 1163 847 1246 magni
867 1158 975 1245 templi
988 1159 1126 1245 pylones
1147 1157 1198 1239 (C
1215 1169 1247 1222 et
1262 1155 1341 1240 C¹)
1401 1159 1405 1166 '

389 1270 550 1337 meridiem
577 1283 735 1360 spectant3
762 1283 828 1338 urm
853 1271 1011 1358 templum
1030 1275 1132 1358 ipsum
1159 1272 1203 1336 its
1225 1279 1342 1336 exstru-

391 1391 474 1448 ctum
496 1395 552 1464 est,
573 1395 610 1450 ut
629 1386 816 1471 ingressum,
846 1382 993 1450 obeliscis
1022 1394 1054 1450 et
1082 1383 1210 1448 leonum
1231 1383 1341 1447 statuis

390 1499 548 1575 ornatum,
578 1519 597 1562 a
617 1496 747 1562 meridie
768 1495 897 1576 babeat,
923 1495 1053 1582 adytum
1073 1517 1152 1560 vero
1176 1505 1208 1560 et
1228 1514 1341 1559 recon-

389 1601 454 1669 dita
477 1604 622 1670 cubicula
644 1610 748 1692 (quasi
769 1619 889 1693 tergum
905 1607 1053 1686 aedificii)
1076 1631 1095 1670 a
1114 1609 1339 1691 septentrione.

367 1719 370 1724 ’
389 1713 493 1800 Quam
520 1715 735 1782 aedificiorum
757 1715 994 1804 dispositionem
1014 1737 1082 1781 non
1104 1715 1143 1780 ab
1165 1717 1339 1802 Aegyptiis,

388 1830 445 1914 qui
471 1829 732 1915 septentrionales
760 1841 858 1897 terres
881 1841 1039 1908 tenerent,
1067 1827 1126 1894 sed
1148 1826 1188 1893 ab
1209 1829 1340 1894 Aethio·

387 1939 488 2027 pibus,
512 1964 531 2006 a
550 1942 680 2007 meridie
694 1942 951 2028 procedentibus,
972 1941 1083 2006 factam
1100 1963 1169 2006 esse
1184 1950 1323 2028 apparet

453 2051 489 2116 Si
509 2051 572 2115 hoc
593 2048 690 2113 modo
711 2049 869 2114 Pbilarum
891 2048 1061 2134 originibus
1083 2053 1233 2133 majorem
1255 2063 1339 2115 aeta-

386 2170 450 2227 tem
472 2159 631 2224 vindicare
654 2161 721 2224 ausi
743 2179 862 2239 sumus,
890 2158 1024 2224 multum'
1042 2158 1146 2238 abest,
1176 2171 1211 2226 ut
1233 2163 1338 2227 omnia

387 2292 470 2358 quae
497 2292 583 2336 nunc
606 2277 726 2338 exstant
754 2283 954 2338 monumenta
983 2269 1172 2338 ed‘remote
1193 2272 1248 2337 illa
1270 2295 1338 2341 soe·

387 2382 459 2448 cula
485 2382 671 2463 referamus,
700 2383 814 2472 quibus
844 2395 974 2462 auctore¹
1002 2382 1171 2450 Herodoto
1201 2385 1261 2467 (ll,
1283 2387 1336 2467 4.)

385 2495 551 2582 Aegyptus
573 2497 664 2582 polus
686 2496 759 2574 fuit3
788 2505 892 2562 tamen
915 2509 953 2561 etr
973 2497 1116 2582 iis·quae
1137 2496 1235 2564 modo
1259 2507 1338 2563 attu-

384 2605 491 2687 limus,
520 2585 602 2674 satis¹
624 2608 814 2684 declaratum
844 2629 912 2674 osse
934 2629 1094 2694 speramus
1116 2613 1215 2696 prime
1235 2612 1270 2674 in
1290 2613 1337 2675 in-

385 2721 456 2786 sula
477 2719 628 2802 aedificia,
650 2723 793 2789 Deorum
815 2721 913 2786 cultui
935 2720 1087 2801 dedicata,
1108 2725 1203 2808 magis
1225 2725 1257 2788 in
1274 2721 1337 2788 Ae-

384 2833 526 2919 thiopum
547 2854 638 2898 usum
661 2857 752 2920 quam
767 2836 997 2921 Acgyptiorum
1019 2853 1136 2912 caussa,
1157 2834 1240 2899 ultra
1253 2844 1335 2898 cata-

334 2979 336 2984 .
383 2954 500 3009 tactam
522 2941 740 3024 habitantium,
761 2950 865 3032 posita
886 2947 983 3014 fuisse
997 2944 1042 3029 *).
1066 2949 1068 2956 ‘
1086 2945 1192 3012 Variis
1216 2957 1335 3030 tempo-

382 3053 470 3121 ribus
498 3079 517 3122 a
541 3057 634 3122 variis
655 3056 783 3143 populis
806 3055 963 3139 aedificia,
992 3081 1074 3146 quae
1095 3069 1234 3125 nostram
1255 3057 1336 3122 tule-

382 3173 457 3235 runt
479 3179 626 3249 aetatem,
650 3178 806 3254 exstructa
828 3191 906 3249 esse,
928 3171 1171 3257 Aegyptiorum,
1194 3169 1335 3236 Graeco-

382 3303 460 3363 rum,
481 3282 696 3350 Romenorum
718 3284 848 3368 vestigia
869 3281 1049 3362 ostendunt,
1071 3282 1159 3369 quod
1180 3285 1275 3368 magis
1297 3303 1335 3348 ex

383 3439 583 3457 *nn-*n*-

382 3559 385 3568 ·
417 3507 449 3597 ‘)‘
469 3521 605 3583 Heliodori
628 3525 752 3584 Emeseni
774 3527 948 3583 narrationem
971 3526 1174 3584 commentitiam
1195 3523 1333 3604 (Aethiop.

453 3609 524 3680 Vlll,
543 3613 586 3681 1.)
604 3610 637 3668 de
655 3613 736 3670 Pbilis
753 3597 847 3680 insula,
863 3609 889 3668 in
907 3613 1036 3690 principio
1054 3611 1087 3668 ab
1104 3611 1241 3688 Aegyptiis
1258 3630 1334 3670 ocos·

453 3708 522 3777 pata,
540 3719 573 3754 eo
591 3701 674 3773 magis
689 3697 741 3754 boc
757 3699 817 3756 loco
831 3698 982 3756 mittendam
999 3719 1144 3767 censemus,
1163 3718 1222 3755 cum
1240 3697 1334 3754 nullius

451 3787 590 3860 scriptoris
608 3787 761 3843 auctoritate
777 3788 942 3853 sustineatur,
960 3788 1036 3862 eique
1054 3795 1127 3844 tanta
1138 3794 1283 3866 repugnent
1294 3802 1333 3842 ar-

453 3875 580 3946 gementi.
