3002 4544
369 345 371 352 ,
395 242 445 346 ²⁴.

227 433 301 492 Pras
316 433 338 516 .¹·
396 417 535 488 deletum
568 439 654 502 esse,
686 432 740 488 aut
770 421 867 488 ruinis
895 418 1054 486 obtectum
1080 422 1194 508 jacere.
1238 420 1347 512 Suspi-

397 555 517 614 mmm,
543 532 579 600 id
606 533 696 600 alteri
723 531 882 614 obelisco,
909 555 1003 621 quem
1031 544 1141 600 contra
1167 538 1346 622 appositum

398 667 468 714 esse
489 648 610 725 sdmus,
630 633 811 732 inscriptum
831 645 937 712 fuisse.
1121 625 1125 634 ¹

462 759 493 822 A
514 757 688 844 pplonibus
709 759 827 845 magnis
848 758 1008 824 meridiem
1029 780 1150 838 versus,
1168 760 1251 826 inter
1270 780 1346 845 por-

397 872 476 936 ticus
497 869 531 934 D
554 881 586 937 et
607 871 636 936 Ε
659 892 787 958 campus
808 880 904 960 patet,
925 873 1023 938 ruinis
1038 869 1168 938 obsitus.
1204 869 1254 936 lbi
1268 869 1345 936 olim

396 980 565 1048 derelictus
583 980 723 1049 Arabum
744 1006 842 1072 pagus
865 987 986 1064 exstitit,
1008 1005 1102 1071 quem
1122 983 1345 1052 Britannorum

395 1114 555 1180 proxenus
577 1093 706 1173 Saltius,
734 1107 931 1182 praematura
957 1109 1058 1164 morte
1086 1097 1184 1162 literis
1210 1107 1345 1183 ereptus,

396 1225 498 1293 nuper
525 1209 650 1286 evertit,
680 1229 746 1294 quo
768 1231 854 1275 nrmc
874 1220 942 1276 tota
962 1209 1083 1278 iusrdae
1105 1231 1178 1296 pars
1200 1206 1344 1274 australis

397 1315 498 1384 oculis
525 1315 740 1403 perlustratur.
790 1321 908 1386 Melius
935 1322 1068 1388 fortasse
1096 1320 1136 1386 de
1159 1321 1346 1408 antiquitati·

396 1427 457 1494 bus
476 1427 673 1494 Pbilensibus
693 1434 857 1500 meruisset
873 1436 922 1499 vir
938 1435 1226 1524 praestantissimus,
1244 1436 1272 1499 si
1288 1434 1346 1496 cir-

398 1561 469 1606 cum
481 1538 639 1606 obeliscos
654 1564 728 1608 saxa
738 1549 932 1626 removisset,
949 1544 991 1612 ad
1007 1543 1184 1632 diligentius
1196 1544 1346 1630 indagan-

397 1649 468 1718 dam
497 1651 559 1718 soli
578 1633 828 1723 inclinationem.
859 1659 861 1670 '
878 1657 1129 1743 Haudquaquam
1152 1658 1234 1720 enim
1255 1677 1343 1740 sper-

260 1845 264 1852 ,
395 1761 502 1832 nenda
523 1774 571 1831 est
592 1769 702 1854 opinio
726 1768 872 1838 Belzonii
887 1767 932 1852 ⁴¹¹),
954 1771 1008 1856 qui
1029 1771 1092 1834 hoc
1113 1767 1188 1857 loco
1210 1776 1347 1854 quatuor

393 1873 447 1939 vel
470 1878 610 1966 quinque
632 1879 747 1961 scalas,
774 1884 865 1948 utin
886 1882 959 1948 foro
981 1882 1128 1948 Romano
1156 1901 1259 1968 prope
1281 1880 1348 1946 Titi

394 2007 508 2068 mulum,
530 1994 683 2056 exstitisse
705 1996 879 2076 suspicatus
902 2002 957 2056 eso
995 1993 1177 2055 Porticuum
1200 1995 1281 2055 enim
1298 1992 1346 2071 (I)

308 2117 316 2134 ·
394 2109 427 2164 et
452 2099 503 2180 E)
531 2099 697 2166 columnae
725 2103 848 2187 positae
876 2110 950 2165 sunt
975 2098 1051 2165 loco
1073 2100 1169 2186 longe
1191 2100 1342 2166 inferiore

395 2233 488 2298 quem
509 2210 665 2299 pylonum
687 2210 782 2278 brnen
796 2208 862 2294 **).

210 2337 358 2397 conclavia
458 2324 555 2389 Haud
582 2323 696 2412 proctd
719 2347 738 2390 a
759 2333 853 2409 porte
875 2324 946 2406 (B)
968 2326 1057 2390 initio
1080 2325 1220 2411 porticus
1242 2326 1346 2392 orien-

182 2419 382 2556 mifl'ssfflm
394 2435 472 2537 talis*
488 2434 555 2522 (Ε),
576 2439 635 2502 tria
656 2458 754 2525 parva
777 2436 941 2503 conclavia
955 2436 1012 2519 (F)
1032 2440 1240 2524 reperiuntuu,
1262 2461 1345 2525 quae

393 2560 526 2637 propter
546 2570 706 2628 saxorum,
729 2547 842 2636 quibus
865 2549 1048 2616 cirmunlusa
1070 2559 1156 2628 sunt,
1177 2549 1345 2616 multitudi-

393 2681 466 2727 nem
489 2663 578 2748 quasi
599 2659 803 2728 subterranea
826 2659 887 2727 dici
907 2672 1048 2749 possunt.
1074 2661 1251 2730 'Mororum
1275 2685 1345 2749 par-

394 2783 457 2838 tem
487 2775 672 2840 exteriorem
700 2777 873 2862 parietinae
902 2772 1116 2852 obduxemmt‚
1143 2784 1226 2839 tecta
1252 2785 1345 2860 rupta

394 2881 475 2964 sunit,
496 2887 618 2950 interna
640 2909 713 2973 pars
737 2888 904 2954 caementis
926 2898 957 2952 et
979 2885 1135 2974 lapidibus
1157 2889 1201 2951 ita
1214 2875 1344 2970 repleta,

182 3003 379 3131 Ampe-2¹07
395 3007 430 3062 ut
453 2994 589 3064 difficilis
612 3000 652 3064 sit
674 2997 785 3066 aditus.
836 2999 873 3066 ln
895 3000 1064 3085 supercilio
1087 3009 1199 3091 portae
1224 2996 1279 3080 <ed
1300 2997 1345 3080 F)

199 3145 365 3217 Epiphanio.

393 3135 596 3155 m

429 3204 455 3276 ⁸)
476 3201 613 3262 Narratire
631 3201 662 3262 ol
674 3203 719 3262 lbe
737 3203 904 3283 Operatione.
923 3223 949 3282 p.
967 3205 1028 3262 2⁰0.

429 3290 463 3362 ⁸⁸)
486 3289 518 3348 lu
535 3311 617 3370 opere
634 3290 808 3369 expeditionis
825 3289 931 3368 gelboae
952 3289 1077 3369 (Antiqu.
1093 3287 1131 3348 Pl
1149 3287 1184 3360 V,
1200 3293 1228 3346 2
1248 3287 1344 3368 Coupe

465 3375 513 3434 des
530 3380 684 3457 principaux
700 3377 820 3449 edifices)
838 3376 973 3446 scalarum,
991 3398 1055 3454 ques
1072 3376 1192 3447 diximus,
1209 3374 1264 3433 lere
1275 3375 1345 3436 nulla

464 3465 532 3521 ratio
550 3474 592 3522 est
608 3464 706 3532 babila,
724 3467 802 3522 etiam
818 3464 947 3544 peristylii
964 3462 1140 3524 meridionalis
1157 3463 1292 3522 columnae
1309 3463 1345 3525 el·

464 3549 575 3608 titudine
601 3552 633 3608 in
660 3551 770 3610 tabula
790 3552 868 3628 longe
890 3551 1028 3610 interiores
1049 3559 1110 3608 sunt
1131 3553 1279 3630 porticuum
1300 3572 1344 3608 co-

463 3635 572 3705 lumnis,
590 3657 654 3714 quas
670 3648 758 3695 umen
774 3641 915 3696 veritate
936 3637 1018 3694 multo
1035 3648 1165 3716 superant
1205 3635 1343 3708 veremur,

393 3775 395 3778 .
464 3743 499 3780 ue
516 3726 641 3782 memoria
658 3727 739 3802 magis
756 3745 834 3802 quam
855 3725 984 3782 mensuris
1005 3723 1065 3782 treci
1082 3723 1148 3784 bene
1169 3724 1282 3784 obulum
1298 3724 1343 3784 de·

462 3809 615 3870 lineaveriut
632 3823 752 3872 auctores
770 3811 912 3872 clarioimi.
1340 3837 1343 3844 ¹
