<?xml version="1.0" encoding="UTF-8"?>
<!DOCTYPE html PUBLIC "-//W3C//DTD XHTML 1.0 Transitional//EN"
    "http://www.w3.org/TR/xhtml1/DTD/xhtml1-transitional.dtd">
<html xmlns="http://www.w3.org/1999/xhtml" xml:lang="en" lang="en">
 <head>
  <title>
</title>
<meta http-equiv="Content-Type" content="text/html;charset=utf-8" />
  <meta name='ocr-system' content='tesseract 3.04.00' />
  <meta name='ocr-capabilities' content='ocr_page ocr_carea ocr_par ocr_line ocrx_word'/>
</head>
<body>
  <div class='ocr_page' id='page_1' title='image "./dephilisinsulae01partgoog_0039.png"; bbox 0 0 3002 4544; ppageno 0'>
   <div class='ocr_carea' id='block_1_1' title="bbox 216 205 1485 3332">
    <p class='ocr_par' dir='ltr' id='par_1_1' title="bbox 216 205 1485 3332">
     <span class='ocr_line' id='line_1_1' title="bbox 1164 346 1172 376; baseline 0 0"><span class='ocrx_word' id='word_1_1' title='bbox 1164 346 1172 376; x_wconf 70' lang='lat' dir='ltr'><strong>t</strong></span> 
     </span>
     <span class='ocr_line' id='line_1_2' title="bbox 235 205 1485 548; baseline -0.001 -36"><span class='ocrx_word' id='word_1_2' title='bbox 235 454 348 514; x_wconf 77' lang='lat' dir='ltr'><strong>Pausi</strong></span> <span class='ocrx_word' id='word_1_3' title='bbox 403 441 491 510; x_wconf 88' lang='lat' dir='ltr'><strong>diten</strong></span> <span class='ocrx_word' id='word_1_4' title='bbox 517 453 682 521; x_wconf 86' lang='lat' dir='ltr'><strong>memorat,</strong></span> <span class='ocrx_word' id='word_1_5' title='bbox 710 445 744 509; x_wconf 94' lang='lat' dir='ltr'><strong>in</strong></span> <span class='ocrx_word' id='word_1_6' title='bbox 771 442 831 508; x_wconf 89' lang='lat' dir='ltr'><strong>alia</strong></span> <span class='ocrx_word' id='word_1_7' title='bbox 853 443 1012 532; x_wconf 71' lang='lat' dir='ltr'><strong>Sarapidis</strong></span> <span class='ocrx_word' id='word_1_8' title='bbox 1039 445 1156 510; x_wconf 88' lang='lat' dir='ltr'><strong>mentio</strong></span> <span class='ocrx_word' id='word_1_9' title='bbox 1184 443 1266 510; x_wconf 85' lang='lat' dir='ltr'><strong>faeta</strong></span> <span class='ocrx_word' id='word_1_10' title='bbox 1295 455 1352 511; x_wconf 84' lang='lat' dir='ltr'><strong>est</strong></span> <span class='ocrx_word' id='word_1_11' title='bbox 1479 205 1485 548; x_wconf 76' lang='lat' dir='ltr'><strong>l</strong></span> 
     </span>
     <span class='ocr_line' id='line_1_3' title="bbox 402 555 1354 643; baseline 0.002 -23"><span class='ocrx_word' id='word_1_12' title='bbox 402 556 518 642; x_wconf 83' lang='lat' dir='ltr'>Neque</span> <span class='ocrx_word' id='word_1_13' title='bbox 543 558 626 621; x_wconf 91' lang='lat' dir='ltr'><strong>inter</strong></span> <span class='ocrx_word' id='word_1_14' title='bbox 646 555 751 634; x_wconf 83' lang='lat' dir='ltr'><strong>Deos,</strong></span> <span class='ocrx_word' id='word_1_15' title='bbox 781 555 894 643; x_wconf 89' lang='lat' dir='ltr'><strong>quihus</strong></span> <span class='ocrx_word' id='word_1_16' title='bbox 922 559 955 622; x_wconf 90' lang='lat' dir='ltr'><strong>in</strong></span> <span class='ocrx_word' id='word_1_17' title='bbox 984 556 1097 622; x_wconf 91' lang='lat' dir='ltr'><strong>eodem</strong></span> <span class='ocrx_word' id='word_1_18' title='bbox 1118 555 1237 643; x_wconf 87' lang='lat' dir='ltr'><strong>templo</strong></span> <span class='ocrx_word' id='word_1_19' title='bbox 1256 559 1354 622; x_wconf 76' lang='lat' dir='ltr'><strong>sacri-</strong></span> 
     </span>
     <span class='ocr_line' id='line_1_4' title="bbox 349 662 1354 756; baseline 0.003 -23"><span class='ocrx_word' id='word_1_20' title='bbox 349 722 353 733; x_wconf 86' lang='lat'>.</span> <span class='ocrx_word' id='word_1_21' title='bbox 401 666 475 742; x_wconf 82' lang='lat' dir='ltr'><strong>licia</strong></span> <span class='ocrx_word' id='word_1_22' title='bbox 495 662 883 755; x_wconf 69' lang='lat' dir='ltr'><strong>parabannu·(uvuudooe</strong></span> <span class='ocrx_word' id='word_1_23' title='bbox 903 663 1019 751; x_wconf 71' lang='grc' dir='ltr'>θεούς)</span> <span class='ocrx_word' id='word_1_24' title='bbox 1045 669 1267 756; x_wconf 83' lang='lat' dir='ltr'><strong>Aesculapium</strong></span> <span class='ocrx_word' id='word_1_25' title='bbox 1289 691 1354 736; x_wconf 86' lang='lat' dir='ltr'><strong>me-</strong></span> 
     </span>
     <span class='ocr_line' id='line_1_5' title="bbox 401 779 1353 869; baseline 0.003 -24"><span class='ocrx_word' id='word_1_26' title='bbox 401 790 555 846; x_wconf 91' lang='lat' dir='ltr'><strong>moratum</strong></span> <span class='ocrx_word' id='word_1_27' title='bbox 583 779 723 844; x_wconf 90' lang='lat' dir='ltr'><strong>vidimus.</strong></span> <span class='ocrx_word' id='word_1_28' title='bbox 778 780 971 868; x_wconf 75' lang='lat' dir='ltr'>Coniectura</span> <span class='ocrx_word' id='word_1_29' title='bbox 999 780 1100 847; x_wconf 90' lang='lat' dir='ltr'><strong>ducor</strong></span> <span class='ocrx_word' id='word_1_30' title='bbox 1128 782 1169 847; x_wconf 92' lang='lat' dir='ltr'><strong>ad</strong></span> <span class='ocrx_word' id='word_1_31' title='bbox 1194 785 1353 869; x_wconf 50' lang='lat' dir='ltr'><strong>suspicans</strong></span> 
     </span>
     <span class='ocr_line' id='line_1_6' title="bbox 403 892 1351 982; baseline 0.001 -24"><span class='ocrx_word' id='word_1_32' title='bbox 403 892 486 973; x_wconf 90' lang='lat' dir='ltr'><strong>dum,</strong></span> <span class='ocrx_word' id='word_1_33' title='bbox 509 895 538 958; x_wconf 89' lang='lat' dir='ltr'><strong>ei</strong></span> <span class='ocrx_word' id='word_1_34' title='bbox 560 892 710 962; x_wconf 87' lang='lat' dir='ltr'><strong>sacellum</strong></span> <span class='ocrx_word' id='word_1_35' title='bbox 731 892 805 960; x_wconf 90' lang='lat' dir='ltr'><strong>ideo</strong></span> <span class='ocrx_word' id='word_1_36' title='bbox 830 892 1006 960; x_wconf 90' lang='lat' dir='ltr'><strong>dedicatum</strong></span> <span class='ocrx_word' id='word_1_37' title='bbox 1028 895 1133 974; x_wconf 85' lang='lat' dir='ltr'><strong>fuisse,</strong></span> <span class='ocrx_word' id='word_1_38' title='bbox 1156 897 1230 982; x_wconf 87' lang='lat' dir='ltr'><strong>quia</strong></span> <span class='ocrx_word' id='word_1_39' title='bbox 1252 893 1351 961; x_wconf 88' lang='lat' dir='ltr'><strong>Cleo-</strong></span> 
     </span>
     <span class='ocr_line' id='line_1_7' title="bbox 402 1006 1356 1101; baseline 0.005 -31"><span class='ocrx_word' id='word_1_40' title='bbox 402 1017 492 1092; x_wconf 83' lang='lat' dir='ltr'><strong>patra</strong></span> <span class='ocrx_word' id='word_1_41' title='bbox 513 1009 619 1092; x_wconf 80' lang='lat' dir='ltr'><strong>regina</strong></span> <span class='ocrx_word' id='word_1_42' title='bbox 641 1008 716 1092; x_wconf 90' lang='lat' dir='ltr'><strong>post</strong></span> <span class='ocrx_word' id='word_1_43' title='bbox 738 1006 1003 1094; x_wconf 83' lang='lat' dir='ltr'><strong>quinquennalem</strong></span> <span class='ocrx_word' id='word_1_44' title='bbox 1018 1006 1210 1101; x_wconf 67' lang='lat' dir='ltr'><strong>sterilitatem</strong></span> <span class='ocrx_word' id='word_1_45' title='bbox 1225 1007 1356 1086; x_wconf 72' lang='lat' dir='ltr'><strong>domum,</strong></span> 
     </span>
     <span class='ocr_line' id='line_1_8' title="bbox 401 1117 1201 1204; baseline 0.003 -22"><span class='ocrx_word' id='word_1_46' title='bbox 401 1120 516 1204; x_wconf 82' lang='lat' dir='ltr'><strong>regiam</strong></span> <span class='ocrx_word' id='word_1_47' title='bbox 538 1117 675 1182; x_wconf 88' lang='lat' dir='ltr'><strong>haerede</strong></span> <span class='ocrx_word' id='word_1_48' title='bbox 698 1123 824 1200; x_wconf 83' lang='lat' dir='ltr'><strong>auxerit,</strong></span> <span class='ocrx_word' id='word_1_49' title='bbox 846 1141 929 1184; x_wconf 90' lang='lat' dir='ltr'><strong>anno</strong></span> <span class='ocrx_word' id='word_1_50' title='bbox 953 1119 1017 1184; x_wconf 79' lang='lat'><strong>187</strong></span> <span class='ocrx_word' id='word_1_51' title='bbox 1041 1142 1068 1183; x_wconf 88' lang='lat' dir='ltr'><strong>a.</strong></span> <span class='ocrx_word' id='word_1_52' title='bbox 1088 1119 1148 1186; x_wconf 89' lang='lat' dir='ltr'><strong>Ch.</strong></span> <span class='ocrx_word' id='word_1_53' title='bbox 1169 1140 1201 1184; x_wconf 88' lang='lat' dir='ltr'><strong>n.</strong></span> 
     </span>
     <span class='ocr_line' id='line_1_9' title="bbox 226 1229 1351 1318; baseline -0.004 -22"><span class='ocrx_word' id='word_1_54' title='bbox 226 1251 350 1304; x_wconf 67' lang='lat' dir='ltr'><strong>Porciam</strong></span> <span class='ocrx_word' id='word_1_55' title='bbox 467 1230 592 1295; x_wconf 89' lang='lat' dir='ltr'><strong>Eodem</strong></span> <span class='ocrx_word' id='word_1_56' title='bbox 614 1230 720 1309; x_wconf 91' lang='lat' dir='ltr'><strong>modo,</strong></span> <span class='ocrx_word' id='word_1_57' title='bbox 749 1252 814 1318; x_wconf 93' lang='lat' dir='ltr'><strong>quo</strong></span> <span class='ocrx_word' id='word_1_58' title='bbox 837 1231 996 1314; x_wconf 83' lang='lat' dir='ltr'><strong>sacellum,</strong></span> <span class='ocrx_word' id='word_1_59' title='bbox 1019 1234 1110 1296; x_wconf 88' lang='lat' dir='ltr'><strong>etiam</strong></span> <span class='ocrx_word' id='word_1_60' title='bbox 1131 1233 1271 1317; x_wconf 89' lang='lat' dir='ltr'><strong>porticus</strong></span> <span class='ocrx_word' id='word_1_61' title='bbox 1294 1229 1351 1312; x_wconf 87' lang='lat' dir='ltr'><strong>(E)</strong></span> 
     </span>
     <span class='ocr_line' id='line_1_10' title="bbox 216 1321 1352 1454; baseline -0.004 -45"><span class='ocrx_word' id='word_1_62' title='bbox 216 1321 355 1454; x_wconf 51' lang='lat' dir='ltr'><strong>&#39;’&#39;fflfi‘</strong></span> <span class='ocrx_word' id='word_1_63' title='bbox 401 1345 497 1444; x_wconf 73' lang='lat' dir='ltr'><strong>ruinis</strong></span> <span class='ocrx_word' id='word_1_64' title='bbox 519 1342 641 1431; x_wconf 88' lang='lat' dir='ltr'><strong>repleta</strong></span> <span class='ocrx_word' id='word_1_65' title='bbox 664 1356 719 1423; x_wconf 78' lang='lat' dir='ltr'><strong>est,</strong></span> <span class='ocrx_word' id='word_1_66' title='bbox 740 1345 783 1409; x_wconf 91' lang='lat' dir='ltr'><strong>ita</strong></span> <span class='ocrx_word' id='word_1_67' title='bbox 804 1355 840 1410; x_wconf 93' lang='lat' dir='ltr'><strong>ut</strong></span> <span class='ocrx_word' id='word_1_68' title='bbox 861 1343 1073 1408; x_wconf 90' lang='lat' dir='ltr'><strong>columnarum</strong></span> <span class='ocrx_word' id='word_1_69' title='bbox 1090 1335 1220 1410; x_wconf 67' lang='lat' dir='ltr'><strong>dimidia</strong></span> <span class='ocrx_word' id='word_1_70' title='bbox 1234 1353 1352 1406; x_wconf 89' lang='lat' dir='ltr'><strong>tantum</strong></span> 
     </span>
     <span class='ocr_line' id='line_1_11' title="bbox 401 1455 1352 1544; baseline -0.006 -23"><span class='ocrx_word' id='word_1_71' title='bbox 401 1477 474 1544; x_wconf 91' lang='lat' dir='ltr'><strong>pars</strong></span> <span class='ocrx_word' id='word_1_72' title='bbox 504 1478 541 1520; x_wconf 86' lang='lat' dir='ltr'><strong>ex</strong></span> <span class='ocrx_word' id='word_1_73' title='bbox 569 1455 631 1519; x_wconf 90' lang='lat' dir='ltr'><strong>illis</strong></span> <span class='ocrx_word' id='word_1_74' title='bbox 660 1457 828 1532; x_wconf 77' lang='lat' dir='ltr'><strong>emineat..</strong></span> <span class='ocrx_word' id='word_1_75' title='bbox 852 1455 1012 1522; x_wconf 77' lang='lat' dir='ltr'><strong>Particum</strong></span> <span class='ocrx_word' id='word_1_76' title='bbox 1039 1456 1223 1544; x_wconf 86' lang='lat' dir='ltr'><strong>imperfecto</strong></span> <span class='ocrx_word' id='word_1_77' title='bbox 1253 1474 1352 1539; x_wconf 90' lang='lat' dir='ltr'><strong>opere</strong></span> 
     </span>
     <span class='ocr_line' id='line_1_12' title="bbox 402 1553 1352 1657; baseline -0.001 -26"><span class='ocrx_word' id='word_1_78' title='bbox 402 1566 582 1632; x_wconf 86' lang='lat' dir='ltr'><strong>derelictam</strong></span> <span class='ocrx_word' id='word_1_79' title='bbox 598 1589 696 1648; x_wconf 77' lang='lat' dir='ltr'><strong>esse,</strong></span> <span class='ocrx_word' id='word_1_80' title='bbox 723 1571 756 1633; x_wconf 93' lang='lat' dir='ltr'><strong>in</strong></span> <span class='ocrx_word' id='word_1_81' title='bbox 779 1569 921 1657; x_wconf 90' lang='lat' dir='ltr'><strong>capitulis</strong></span> <span class='ocrx_word' id='word_1_82' title='bbox 945 1568 1158 1634; x_wconf 83' lang='lat' dir='ltr'><strong>columnarum</strong></span> <span class='ocrx_word' id='word_1_83' title='bbox 1181 1553 1352 1632; x_wconf 86' lang='lat' dir='ltr'><strong>observare</strong></span> 
     </span>
     <span class='ocr_line' id='line_1_13' title="bbox 400 1677 1352 1766; baseline -0.002 -24"><span class='ocrx_word' id='word_1_84' title='bbox 400 1677 483 1759; x_wconf 85' lang='lat' dir='ltr'><strong>licet,</strong></span> <span class='ocrx_word' id='word_1_85' title='bbox 504 1699 640 1764; x_wconf 91' lang='lat' dir='ltr'><strong>quorum</strong></span> <span class='ocrx_word' id='word_1_86' title='bbox 661 1677 795 1765; x_wconf 82' lang='lat' dir='ltr'><strong>plurima</strong></span> <span class='ocrx_word' id='word_1_87' title='bbox 816 1681 963 1748; x_wconf 88' lang='lat' dir='ltr'><strong>inchoata</strong></span> <span class='ocrx_word' id='word_1_88' title='bbox 986 1691 1017 1745; x_wconf 91' lang='lat' dir='ltr'><strong>et</strong></span> <span class='ocrx_word' id='word_1_89' title='bbox 1041 1701 1081 1744; x_wconf 89' lang='lat' dir='ltr'><strong>eo</strong></span> <span class='ocrx_word' id='word_1_90' title='bbox 1104 1678 1256 1766; x_wconf 90' lang='lat' dir='ltr'><strong>perducta</strong></span> <span class='ocrx_word' id='word_1_91' title='bbox 1271 1687 1352 1754; x_wconf 88' lang='lat' dir='ltr'><strong>sunt,</strong></span> 
     </span>
     <span class='ocr_line' id='line_1_14' title="bbox 266 1773 1352 1880; baseline -0.004 -24"><span class='ocrx_word' id='word_1_92' title='bbox 266 1773 289 1842; x_wconf 37' lang='lat'><strong>⁵-</strong></span> <span class='ocrx_word' id='word_1_93' title='bbox 401 1803 436 1856; x_wconf 91' lang='lat' dir='ltr'><strong>ut</strong></span> <span class='ocrx_word' id='word_1_94' title='bbox 462 1793 525 1880; x_wconf 84' lang='lat' dir='ltr'><strong>jam</strong></span> <span class='ocrx_word' id='word_1_95' title='bbox 552 1801 650 1857; x_wconf 89' lang='lat' dir='ltr'><strong>totam</strong></span> <span class='ocrx_word' id='word_1_96' title='bbox 679 1813 788 1856; x_wconf 90' lang='lat' dir='ltr'><strong>eorum</strong></span> <span class='ocrx_word' id='word_1_97' title='bbox 817 1792 948 1858; x_wconf 89' lang='lat' dir='ltr'><strong>formam</strong></span> <span class='ocrx_word' id='word_1_98' title='bbox 979 1794 1168 1880; x_wconf 80' lang='lat' dir='ltr'><strong>cogitatione</strong></span> <span class='ocrx_word' id='word_1_99' title='bbox 1202 1787 1352 1874; x_wconf 85' lang='lat' dir='ltr'><strong>opiticum</strong></span> 
     </span>
     <span class='ocr_line' id='line_1_15' title="bbox 401 1902 1353 1991; baseline -0.006 -21"><span class='ocrx_word' id='word_1_100' title='bbox 401 1915 585 1991; x_wconf 88' lang='lat' dir='ltr'><strong>conceptam</strong></span> <span class='ocrx_word' id='word_1_101' title='bbox 610 1907 733 1990; x_wconf 88' lang='lat' dir='ltr'><strong>assequi</strong></span> <span class='ocrx_word' id='word_1_102' title='bbox 754 1908 865 1990; x_wconf 89' lang='lat' dir='ltr'><strong>possis.</strong></span> <span class='ocrx_word' id='word_1_103' title='bbox 903 1905 983 1970; x_wconf 85' lang='lat' dir='ltr'><strong>Earn</strong></span> <span class='ocrx_word' id='word_1_104' title='bbox 1003 1927 1069 1970; x_wconf 89' lang='lat' dir='ltr'><strong>rem</strong></span> <span class='ocrx_word' id='word_1_105' title='bbox 1091 1905 1238 1990; x_wconf 89' lang='lat' dir='ltr'><strong>imprimis</strong></span> <span class='ocrx_word' id='word_1_106' title='bbox 1251 1902 1353 1966; x_wconf 83' lang='lat' dir='ltr'><strong>nostri</strong></span> 
     </span>
     <span class='ocr_line' id='line_1_16' title="bbox 400 2013 1353 2101; baseline -0.008 -20"><span class='ocrx_word' id='word_1_107' title='bbox 400 2019 550 2101; x_wconf 88' lang='lat' dir='ltr'><strong>temporis</strong></span> <span class='ocrx_word' id='word_1_108' title='bbox 579 2013 714 2076; x_wconf 86' lang='lat' dir='ltr'><strong>artifices</strong></span> <span class='ocrx_word' id='word_1_109' title='bbox 743 2014 949 2089; x_wconf 90' lang='lat' dir='ltr'><strong>mirabuntur,</strong></span> <span class='ocrx_word' id='word_1_110' title='bbox 985 2018 1103 2097; x_wconf 92' lang='lat' dir='ltr'><strong>quippe</strong></span> <span class='ocrx_word' id='word_1_111' title='bbox 1131 2015 1214 2096; x_wconf 85' lang='lat' dir='ltr'><strong>quae</strong></span> <span class='ocrx_word' id='word_1_112' title='bbox 1240 2013 1353 2074; x_wconf 83' lang='lat' dir='ltr'><strong>veteri-</strong></span> 
     </span>
     <span class='ocr_line' id='line_1_17' title="bbox 400 2119 1353 2209; baseline -0.004 -19"><span class='ocrx_word' id='word_1_113' title='bbox 400 2125 461 2190; x_wconf 90' lang='lat' dir='ltr'><strong>bus</strong></span> <span class='ocrx_word' id='word_1_114' title='bbox 483 2124 648 2209; x_wconf 81' lang='lat' dir='ltr'><strong>Aegyptiis</strong></span> <span class='ocrx_word' id='word_1_115' title='bbox 669 2124 770 2185; x_wconf 90' lang='lat' dir='ltr'><strong>minus</strong></span> <span class='ocrx_word' id='word_1_116' title='bbox 794 2121 989 2187; x_wconf 89' lang='lat' dir='ltr'><strong>commodam</strong></span> <span class='ocrx_word' id='word_1_117' title='bbox 1012 2143 1105 2207; x_wconf 91' lang='lat' dir='ltr'><strong>quam</strong></span> <span class='ocrx_word' id='word_1_118' title='bbox 1126 2120 1220 2186; x_wconf 91' lang='lat' dir='ltr'><strong>nobis</strong></span> <span class='ocrx_word' id='word_1_119' title='bbox 1243 2119 1353 2187; x_wconf 92' lang='lat' dir='ltr'><strong>aedifi-</strong></span> 
     </span>
     <span class='ocr_line' id='line_1_18' title="bbox 401 2232 1352 2320; baseline -0.003 -17"><span class='ocrx_word' id='word_1_120' title='bbox 401 2237 493 2302; x_wconf 78' lang='lat' dir='ltr'><strong>candi</strong></span> <span class='ocrx_word' id='word_1_121' title='bbox 513 2236 668 2300; x_wconf 86' lang='lat' dir='ltr'><strong>rationem</strong></span> <span class='ocrx_word' id='word_1_122' title='bbox 690 2233 786 2297; x_wconf 85' lang='lat' dir='ltr'><strong>fuisse</strong></span> <span class='ocrx_word' id='word_1_123' title='bbox 810 2232 1016 2311; x_wconf 89' lang='lat' dir='ltr'><strong>demonstret;</strong></span> <span class='ocrx_word' id='word_1_124' title='bbox 1038 2254 1099 2297; x_wconf 91' lang='lat' dir='ltr'><strong>nos</strong></span> <span class='ocrx_word' id='word_1_125' title='bbox 1117 2235 1199 2298; x_wconf 91' lang='lat' dir='ltr'><strong>enim</strong></span> <span class='ocrx_word' id='word_1_126' title='bbox 1215 2233 1352 2320; x_wconf 88' lang='lat' dir='ltr'><strong>capitula</strong></span> 
     </span>
     <span class='ocr_line' id='line_1_19' title="bbox 399 2343 1352 2432; baseline -0.005 -16"><span class='ocrx_word' id='word_1_127' title='bbox 399 2353 432 2416; x_wconf 92' lang='lat' dir='ltr'><strong>in</strong></span> <span class='ocrx_word' id='word_1_128' title='bbox 456 2347 590 2415; x_wconf 85' lang='lat' dir='ltr'><strong>officinis</strong></span> <span class='ocrx_word' id='word_1_129' title='bbox 614 2343 709 2411; x_wconf 88' lang='lat' dir='ltr'><strong>adid</strong></span> <span class='ocrx_word' id='word_1_130' title='bbox 731 2344 923 2431; x_wconf 81' lang='lat' dir='ltr'><strong>perficimus,</strong></span> <span class='ocrx_word' id='word_1_131' title='bbox 951 2357 987 2410; x_wconf 94' lang='lat' dir='ltr'><strong>ut</strong></span> <span class='ocrx_word' id='word_1_132' title='bbox 1013 2367 1055 2410; x_wconf 93' lang='lat' dir='ltr'><strong>ne</strong></span> <span class='ocrx_word' id='word_1_133' title='bbox 1085 2349 1196 2432; x_wconf 82' lang='lat' dir='ltr'><strong>unguis</strong></span> <span class='ocrx_word' id='word_1_134' title='bbox 1225 2345 1352 2432; x_wconf 88' lang='lat' dir='ltr'><strong>quidem</strong></span> 
     </span>
     <span class='ocr_line' id='line_1_20' title="bbox 402 2455 1351 2544; baseline -0.004 -17"><span class='ocrx_word' id='word_1_135' title='bbox 402 2461 598 2527; x_wconf 88' lang='lat' dir='ltr'><strong>desideretur</strong></span> <span class='ocrx_word' id='word_1_136' title='bbox 618 2459 652 2522; x_wconf 90' lang='lat' dir='ltr'><strong>in</strong></span> <span class='ocrx_word' id='word_1_137' title='bbox 673 2459 719 2536; x_wconf 88' lang='lat' dir='ltr'><strong>iis,</strong></span> <span class='ocrx_word' id='word_1_138' title='bbox 741 2455 949 2543; x_wconf 81' lang='lat' dir='ltr'><strong>tmnsingula</strong></span> <span class='ocrx_word' id='word_1_139' title='bbox 970 2456 1098 2544; x_wconf 80' lang='lat' dir='ltr'><strong>singulis</strong></span> <span class='ocrx_word' id='word_1_140' title='bbox 1122 2457 1275 2522; x_wconf 90' lang='lat' dir='ltr'><strong>columnis</strong></span> <span class='ocrx_word' id='word_1_141' title='bbox 1297 2461 1351 2523; x_wconf 92' lang='lat' dir='ltr'><strong>im-</strong></span> 
     </span>
     <span class='ocr_line' id='line_1_21' title="bbox 400 2567 1351 2664; baseline -0.003 -25"><span class='ocrx_word' id='word_1_142' title='bbox 400 2575 561 2664; x_wconf 83' lang='lat' dir='ltr'><strong>ponimus;</strong></span> <span class='ocrx_word' id='word_1_143' title='bbox 583 2570 630 2634; x_wconf 93' lang='lat' dir='ltr'><strong>illi</strong></span> <span class='ocrx_word' id='word_1_144' title='bbox 652 2582 764 2648; x_wconf 87' lang='lat' dir='ltr'><strong>autem,</strong></span> <span class='ocrx_word' id='word_1_145' title='bbox 785 2577 1039 2656; x_wconf 87' lang='lat' dir='ltr'><strong>postquamsaxa</strong></span> <span class='ocrx_word' id='word_1_146' title='bbox 1057 2567 1270 2635; x_wconf 89' lang='lat' dir='ltr'><strong>columnarum</strong></span> <span class='ocrx_word' id='word_1_147' title='bbox 1285 2595 1351 2636; x_wconf 90' lang='lat' dir='ltr'><strong>sca-</strong></span> 
     </span>
     <span class='ocr_line' id='line_1_22' title="bbox 401 2678 1350 2774; baseline -0.002 -24"><span class='ocrx_word' id='word_1_148' title='bbox 401 2689 450 2774; x_wconf 90' lang='lat' dir='ltr'><strong>pis</strong></span> <span class='ocrx_word' id='word_1_149' title='bbox 472 2685 562 2750; x_wconf 80' lang='lat' dir='ltr'><strong>rudia</strong></span> <span class='ocrx_word' id='word_1_150' title='bbox 584 2693 866 2773; x_wconf 73' lang='lat' dir='ltr'><strong>superposueram,</strong></span> <span class='ocrx_word' id='word_1_151' title='bbox 896 2681 1037 2767; x_wconf 83' lang='lat' dir='ltr'><strong>capitulis</strong></span> <span class='ocrx_word' id='word_1_152' title='bbox 1067 2678 1247 2768; x_wconf 88' lang='lat' dir='ltr'><strong>sculpendis</strong></span> <span class='ocrx_word' id='word_1_153' title='bbox 1274 2705 1350 2769; x_wconf 80' lang='lat' dir='ltr'><strong>ope</strong></span> 
     </span>
     <span class='ocr_line' id='line_1_23' title="bbox 400 2795 1349 2882; baseline -0.005 -18"><span class='ocrx_word' id='word_1_154' title='bbox 400 2822 467 2882; x_wconf 87' lang='lat' dir='ltr'><strong>ram</strong></span> <span class='ocrx_word' id='word_1_155' title='bbox 496 2795 621 2862; x_wconf 83' lang='lat' dir='ltr'><strong>dabant.</strong></span> <span class='ocrx_word' id='word_1_156' title='bbox 671 2795 721 2858; x_wconf 86' lang='lat' dir='ltr'><strong>Ex</strong></span> <span class='ocrx_word' id='word_1_157' title='bbox 749 2815 814 2880; x_wconf 91' lang='lat' dir='ltr'><strong>quo</strong></span> <span class='ocrx_word' id='word_1_158' title='bbox 839 2796 980 2858; x_wconf 90' lang='lat' dir='ltr'><strong>instituto</strong></span> <span class='ocrx_word' id='word_1_159' title='bbox 1003 2806 1148 2880; x_wconf 86' lang='lat' dir='ltr'><strong>apparet,</strong></span> <span class='ocrx_word' id='word_1_160' title='bbox 1174 2797 1349 2882; x_wconf 80' lang='lat' dir='ltr'><strong>Aegyptios</strong></span> 
     </span>
     <span class='ocr_line' id='line_1_24' title="bbox 399 2887 1350 2996; baseline -0.006 -20"><span class='ocrx_word' id='word_1_161' title='bbox 399 2923 466 2976; x_wconf 89' lang='lat' dir='ltr'><strong>tum</strong></span> <span class='ocrx_word' id='word_1_162' title='bbox 489 2887 638 2996; x_wconf 87' lang='lat' dir='ltr'><strong>opificum</strong></span> <span class='ocrx_word' id='word_1_163' title='bbox 661 2904 912 2971; x_wconf 88' lang='lat' dir='ltr'><strong>commoditatem</strong></span> <span class='ocrx_word' id='word_1_164' title='bbox 939 2909 1040 2971; x_wconf 90' lang='lat' dir='ltr'><strong>minus</strong></span> <span class='ocrx_word' id='word_1_165' title='bbox 1068 2909 1256 2992; x_wconf 86' lang='lat' dir='ltr'><strong>respexisse,</strong></span> <span class='ocrx_word' id='word_1_166' title='bbox 1284 2916 1350 2970; x_wconf 89' lang='lat' dir='ltr'><strong>tum</strong></span> 
     </span>
     <span class='ocr_line' id='line_1_25' title="bbox 347 3001 1351 3104; baseline -0.006 -16"><span class='ocrx_word' id='word_1_167' title='bbox 347 3001 349 3006; x_wconf 23' lang='grc' dir='ltr'>Ι</span> <span class='ocrx_word' id='word_1_168' title='bbox 401 3023 434 3088; x_wconf 91' lang='lat' dir='ltr'><strong>in</strong></span> <span class='ocrx_word' id='word_1_169' title='bbox 457 3032 523 3088; x_wconf 85' lang='lat' dir='ltr'><strong>arte</strong></span> <span class='ocrx_word' id='word_1_170' title='bbox 546 3021 787 3086; x_wconf 87' lang='lat' dir='ltr'><strong>architectonica</strong></span> <span class='ocrx_word' id='word_1_171' title='bbox 814 3028 909 3104; x_wconf 91' lang='lat' dir='ltr'><strong>atque</strong></span> <span class='ocrx_word' id='word_1_172' title='bbox 930 3017 1082 3104; x_wconf 82' lang='lat' dir='ltr'><strong>lapidaria</strong></span> <span class='ocrx_word' id='word_1_173' title='bbox 1102 3029 1217 3082; x_wconf 87' lang='lat' dir='ltr'><strong>tantam</strong></span> <span class='ocrx_word' id='word_1_174' title='bbox 1245 3017 1351 3083; x_wconf 88' lang='lat' dir='ltr'><strong>dexte-</strong></span> 
     </span>
     <span class='ocr_line' id='line_1_26' title="bbox 400 3116 1350 3218; baseline -0.005 -18"><span class='ocrx_word' id='word_1_175' title='bbox 400 3137 522 3200; x_wconf 88' lang='lat' dir='ltr'><strong>ritatem</strong></span> <span class='ocrx_word' id='word_1_176' title='bbox 544 3142 654 3197; x_wconf 90' lang='lat' dir='ltr'><strong>nactos</strong></span> <span class='ocrx_word' id='word_1_177' title='bbox 678 3153 757 3210; x_wconf 88' lang='lat' dir='ltr'><strong>esse,</strong></span> <span class='ocrx_word' id='word_1_178' title='bbox 778 3141 813 3196; x_wconf 93' lang='lat' dir='ltr'><strong>ut</strong></span> <span class='ocrx_word' id='word_1_179' title='bbox 834 3133 988 3196; x_wconf 89' lang='lat' dir='ltr'><strong>rarissime</strong></span> <span class='ocrx_word' id='word_1_180' title='bbox 1011 3152 1092 3217; x_wconf 92' lang='lat' dir='ltr'><strong>opus</strong></span> <span class='ocrx_word' id='word_1_181' title='bbox 1112 3116 1270 3218; x_wconf 84' lang='lat' dir='ltr'><strong>inceptum</strong></span> <span class='ocrx_word' id='word_1_182' title='bbox 1292 3153 1350 3218; x_wconf 86' lang='lat' dir='ltr'><strong>per</strong></span> 
     </span>
     <span class='ocr_line' id='line_1_27' title="bbox 403 3240 1099 3332; baseline -0.01 -19"><span class='ocrx_word' id='word_1_183' title='bbox 403 3244 553 3332; x_wconf 88' lang='lat' dir='ltr'><strong>opificum</strong></span> <span class='ocrx_word' id='word_1_184' title='bbox 574 3246 725 3309; x_wconf 81' lang='lat' dir='ltr'><strong>incuriam</strong></span> <span class='ocrx_word' id='word_1_185' title='bbox 746 3241 891 3308; x_wconf 87' lang='lat' dir='ltr'><strong>damnum</strong></span> <span class='ocrx_word' id='word_1_186' title='bbox 914 3253 1041 3328; x_wconf 88' lang='lat' dir='ltr'><strong>caperet</strong></span> <span class='ocrx_word' id='word_1_187' title='bbox 1055 3240 1099 3322; x_wconf 82' lang='lat'><strong>*).</strong></span> 
     </span>
    </p>
   </div>
   <div class='ocr_carea' id='block_1_2' title="bbox 431 3484 1350 3914">
    <p class='ocr_par' dir='ltr' id='par_1_2' title="bbox 431 3484 1350 3914">
     <span class='ocr_line' id='line_1_28' title="bbox 437 3484 1349 3566; baseline -0.004 -18"><span class='ocrx_word' id='word_1_188' title='bbox 437 3491 463 3564; x_wconf 66' lang='lat' dir='ltr'><strong>t)</strong></span> <span class='ocrx_word' id='word_1_189' title='bbox 481 3487 611 3550; x_wconf 84' lang='lat' dir='ltr'><strong>Notabilis</strong></span> <span class='ocrx_word' id='word_1_190' title='bbox 627 3488 696 3546; x_wconf 87' lang='lat' dir='ltr'><strong>illius</strong></span> <span class='ocrx_word' id='word_1_191' title='bbox 714 3486 876 3545; x_wconf 78' lang='lat' dir='ltr'><strong>dexteritatis</strong></span> <span class='ocrx_word' id='word_1_192' title='bbox 894 3484 1054 3566; x_wconf 85' lang='lat' dir='ltr'><strong>exemplum,</strong></span> <span class='ocrx_word' id='word_1_193' title='bbox 1072 3505 1086 3540; x_wconf 91' lang='lat' dir='ltr'><strong>a</strong></span> <span class='ocrx_word' id='word_1_194' title='bbox 1104 3485 1191 3544; x_wconf 82' lang='lat' dir='ltr'><strong>multis</strong></span> <span class='ocrx_word' id='word_1_195' title='bbox 1207 3485 1349 3544; x_wconf 75' lang='lat' dir='ltr'><strong>viatoribus</strong></span> 
     </span>
     <span class='ocr_line' id='line_1_29' title="bbox 472 3567 1349 3648; baseline -0.007 -13"><span class='ocrx_word' id='word_1_196' title='bbox 472 3579 651 3642; x_wconf 81' lang='lat' dir='ltr'><strong>observatum,</strong></span> <span class='ocrx_word' id='word_1_197' title='bbox 674 3578 702 3632; x_wconf 87' lang='lat' dir='ltr'><strong>in</strong></span> <span class='ocrx_word' id='word_1_198' title='bbox 723 3575 836 3632; x_wconf 84' lang='lat' dir='ltr'><strong>latomiis</strong></span> <span class='ocrx_word' id='word_1_199' title='bbox 859 3572 1050 3648; x_wconf 85' lang='lat' dir='ltr'><strong>Syenensibus,</strong></span> <span class='ocrx_word' id='word_1_200' title='bbox 1074 3572 1106 3629; x_wconf 91' lang='lat' dir='ltr'><strong>ab</strong></span> <span class='ocrx_word' id='word_1_201' title='bbox 1128 3574 1192 3630; x_wconf 87' lang='lat' dir='ltr'><strong>urbe</strong></span> <span class='ocrx_word' id='word_1_202' title='bbox 1214 3567 1349 3631; x_wconf 87' lang='lat' dir='ltr'><strong>meridiem</strong></span> 
     </span>
     <span class='ocr_line' id='line_1_30' title="bbox 431 3658 1350 3742; baseline -0.007 -20"><span class='ocrx_word' id='word_1_203' title='bbox 431 3667 434 3672; x_wconf 75' lang='grc'><em>“</em></span> <span class='ocrx_word' id='word_1_204' title='bbox 471 3686 562 3722; x_wconf 87' lang='lat' dir='ltr'><strong>versus</strong></span> <span class='ocrx_word' id='word_1_205' title='bbox 580 3665 722 3742; x_wconf 60' lang='lat' dir='ltr'><strong>repetitum</strong></span> <span class='ocrx_word' id='word_1_206' title='bbox 744 3663 781 3718; x_wconf 90' lang='lat' dir='ltr'><strong>ibi</strong></span> <span class='ocrx_word' id='word_1_207' title='bbox 801 3663 871 3718; x_wconf 89' lang='lat' dir='ltr'><strong>enim</strong></span> <span class='ocrx_word' id='word_1_208' title='bbox 888 3658 1017 3716; x_wconf 85' lang='lat' dir='ltr'><strong>obeliscus</strong></span> <span class='ocrx_word' id='word_1_209' title='bbox 1034 3658 1103 3716; x_wconf 89' lang='lat' dir='ltr'><strong>baud</strong></span> <span class='ocrx_word' id='word_1_210' title='bbox 1119 3659 1236 3717; x_wconf 87' lang='lat' dir='ltr'><strong>modicae</strong></span> <span class='ocrx_word' id='word_1_211' title='bbox 1254 3662 1350 3736; x_wconf 84' lang='lat' dir='ltr'><strong>magni·</strong></span> 
     </span>
     <span class='ocr_line' id='line_1_31' title="bbox 470 3745 1350 3828; baseline -0.005 -20"><span class='ocrx_word' id='word_1_212' title='bbox 470 3751 569 3812; x_wconf 79' lang='lat' dir='ltr'><strong>tudinis</strong></span> <span class='ocrx_word' id='word_1_213' title='bbox 586 3752 635 3822; x_wconf 85' lang='grc'><strong>(60</strong></span> <span class='ocrx_word' id='word_1_214' title='bbox 652 3753 757 3807; x_wconf 83' lang='lat' dir='ltr'><strong>circiter</strong></span> <span class='ocrx_word' id='word_1_215' title='bbox 768 3745 886 3828; x_wconf 81' lang='lat' dir='ltr'><strong>pedum),</strong></span> <span class='ocrx_word' id='word_1_216' title='bbox 903 3754 1019 3808; x_wconf 87' lang='lat' dir='ltr'><strong>emoute</strong></span> <span class='ocrx_word' id='word_1_217' title='bbox 1032 3747 1116 3803; x_wconf 83' lang='lat' dir='ltr'><strong>excidi</strong></span> <span class='ocrx_word' id='word_1_218' title='bbox 1130 3757 1248 3825; x_wconf 86' lang='lat' dir='ltr'><strong>coeptus,</strong></span> <span class='ocrx_word' id='word_1_219' title='bbox 1265 3747 1350 3804; x_wconf 85' lang='lat' dir='ltr'><strong>tribus</strong></span> 
     </span>
     <span class='ocr_line' id='line_1_32' title="bbox 470 3832 1349 3914; baseline -0.003 -19"><span class='ocrx_word' id='word_1_220' title='bbox 470 3837 609 3907; x_wconf 84' lang='lat' dir='ltr'><strong>lateribus,</strong></span> <span class='ocrx_word' id='word_1_221' title='bbox 631 3838 771 3914; x_wconf 80' lang='lat' dir='ltr'><strong>quaejam</strong></span> <span class='ocrx_word' id='word_1_222' title='bbox 792 3832 956 3910; x_wconf 73' lang='lat' dir='ltr'><strong>expolita&#39;et</strong></span> <span class='ocrx_word' id='word_1_223' title='bbox 978 3836 1114 3892; x_wconf 82' lang='lat' dir='ltr'><strong>maximam</strong></span> <span class='ocrx_word' id='word_1_224' title='bbox 1135 3844 1237 3912; x_wconf 85' lang='lat' dir='ltr'><strong>partem</strong></span> <span class='ocrx_word' id='word_1_225' title='bbox 1258 3833 1349 3892; x_wconf 76' lang='lat' dir='ltr'><strong>formis</strong></span> 
     </span>
    </p>
   </div>
   <div class='ocr_carea' id='block_1_3' title="bbox 0 0 1506 4544">
    <p class='ocr_par' dir='ltr' id='par_1_3' title="bbox 0 0 1506 4544">
     <span class='ocr_line' id='line_1_33' title="bbox 0 0 1506 4544; baseline 0 0"><span class='ocrx_word' id='word_1_226' title='bbox 0 0 1506 4544; x_wconf 95' lang='lat' dir='ltr'><strong> </strong></span> 
     </span>
    </p>
   </div>
  </div>
 </body>
</html>
