3002 4544
257 529 332 585 Pras
350 527 381 584 ll.

184 1205 193 1228 ⁹
263 1205 388 1259 Petronii

256 1277 389 1344 expeditio

160 1395 167 1412 ,
239 1346 407 1415 Aethiopica.

427 339 477 430 84

497 517 533 602 ln
555 517 723 579 novissima
747 517 853 601 operis
869 513 985 579 Gallici
1001 514 1139 579 editione
1154 515 1255 579 mirati
1269 535 1382 592 sumus,

430 626 624 704 Jomardum,
646 648 858 692 mensurarum
882 629 1108 712 peritissimum,
1130 647 1196 690 non
1212 626 1383 692 offendisse

431 743 464 828 in
485 741 548 804 hoc
571 737 736 803 Strabonis
762 736 851 806 loco:
897 740 973 817 „Du
994 738 1101 802 milieu
1124 736 1164 802 de
1187 739 1311 823 Syene,
1338 742 1384 802 in-

433 858 500 938 quit
527 875 556 937 p.
585 852 645 930 30,
679 859 697 914 h
727 850 808 914 celui
845 851 885 916 de
914 851 1022 915 Philae
1052 849 1236 915 l’intervalle
1268 862 1315 915 est
1344 850 1383 914 de

433 966 544 1029 10000
567 965 691 1041 metros,
714 985 758 1027 ce
782 966 851 1052 qui
876 974 933 1028 est
957 961 1144 1027 d'aecord
1168 984 1264 1026 aveo
1285 962 1385 1026 Stra-

432 1076 538 1141 bon.“
560 1109 604 1122 -

450 1243 453 1250 .
498 1189 572 1272 lpso
602 1184 767 1251 Strabonis
802 1197 944 1271 tempore
982 1190 1114 1272 primum
1142 1187 1278 1252 Romani
1304 1185 1385 1252 fines

432 1301 570 1384 Aegypti
591 1297 782 1363 meridianos
805 1301 989 1383 transgressi
1011 1313 1096 1378 sunt,
1123 1286 1385 1384 Aethiopiamque

436 1421 633 1496 oceupanmt
653 1408 825 1487 borealem,
848 1431 911 1495 qua
934 1409 974 1474 de
998 1412 1198 1499 expeditione
1220 1433 1321 1497 pauca
1343 1410 1387 1473 af-

432 1523 516 1588 ferre
545 1544 613 1589 non
642 1521 778 1587 alienum
807 1532 863 1586 est
922 1523 1002 1586 Tres
1032 1526 1180 1590 cohortes
1208 1523 1385 1599 Romanae,
1414 1559 1417 1566 ν

432 1637 600 1722 quaejam
623 1632 663 1698 ab
686 1634 743 1698 illo
766 1645 925 1720 tempore,
949 1657 1013 1720 quo
1036 1637 1200 1721 Aegyptus
1223 1635 1387 1719 provincia

431 1748 578 1826 Romana
592 1757 640 1812 est
648 1747 737 1822 laeta,
750 1745 887 1830 Syenae,
899 1745 1128 1833 Elephantinae
1142 1756 1172 1810 et
1181 1745 1276 1810 Philis
1291 1755 1387 1821 eraut,

434 1858 474 1924 ab
487 1849 490 1856 ’
503 1858 714 1946 Aethiopibus
742 1855 802 1921 sub
830 1861 936 1944 regine
970 1858 1121 1926 Candaoe
1151 1880 1188 1922 ex
1215 1858 1386 1942 improviso

433 1993 605 2058 oppressae
630 1982 662 2033 et
685 1981 795 2054 captae
818 1970 955 2046 fuerant,
978 1975 1086 2056 paucis
1109 1973 1198 2034 annis
1221 1980 1387 2053 antequam

433 2081 548 2145 Strabo
575 2082 756 2162 Aegyptum
785 2080 932 2140 visitaret.
984 2079 1094 2141 Aelius
1126 2077 1254 2156 Gallus,
1281 2080 1390 2166 Aegy-

431 2193 477 2278 pti
496 2187 700 2275 ‘praelectus,
732 2185 764 2250 id
795 2189 944 2270 temporis
973 2190 1005 2251 in
1028 2186 1145 2253 Arabia
1173 2186 1293 2253 bellum
1322 2213 1390 2278 ges-

431 2304 487 2376 sit;
518 2321 582 2386 quo
610 2298 725 2363 factum
755 2309 817 2376 est,
840 2308 880 2362 ut
911 2298 949 2364 G.
980 2300 1162 2380 Petronius,
1192 2305 1243 2365 cui
1270 2325 1389 2366 summa
1492 2379 1493 2384 γ

429 2435 536 2478 rerum
568 2411 678 2476 relicta
705 2411 821 2489 fuerat,
855 2432 922 2475 non
952 2412 1083 2499 amplius
1113 2412 1222 2478 decem
1250 2413 1387 2478 millibus

411 2524 574 2612 'peditum
604 2526 800 2602 oonvooatis,
828 2535 1030 2589 numerosum
1052 2527 1245 2613 Aethiopum
1273 2527 1388 2590 exerci-
1492 2541 1493 2610 l

402 2673 406 2682 ·
431 2649 497 2730 ¹tum
516 2657 691 2724 eggressus,
712 2637 820 2701 hostes
843 2636 973 2720 fugaret,
995 2637 1159 2703 Romanos
1183 2641 1322 2724 captivos
1337 2660 1387 2702 re-

326 2974 329 2980 '
429 2993 462 3037 u.
487 2994 513 3036 c.
548 2971 593 3036 23
616 2995 643 3036 a.
668 2970 728 3037 Ch.
750 2974 812 3053 n).
859 2973 1057 3059 Quamquam
1079 2974 1246 3040 Petronius
1268 2973 1387 3036 Primin
1491 2967 1492 3030 3

432 3083 594 3151 castellum
630 3082 747 3164 (hodie
775 3081 891 3164 lbrim)
928 3085 1087 3170 praesidio
1116 3087 1284 3162 munierat,
1318 3107 1387 3150 non
1491 3099 1492 3148 l

305 3689 309 3697 ·
430 3645 515 3708 hune
541 3643 646 3707 locum
675 3664 741 3708 non
771 3641 874 3707 solum
905 3653 1076 3707 castrorum
1105 3643 1220 3709 rudera
1245 3647 1279 3708 in
1301 3653 1387 3709 utro-
1490 3701 1491 3706 ,

433 2759 599 2836 superaret
630 2760 662 2812 et
686 2771 723 2812 ex
744 2747 954 2834 Aethiopibus
978 2753 1076 2835 captis
1098 2750 1183 2814 mille
1207 2749 1246 2814 ad
1271 2750 1388 2816 Caesa-

431 2883 497 2926 rem
519 2862 656 2929 mitteret
680 2882 784 2946 nuper
807 2859 1041 2955 ex'Cantabris'
1059 2875 1219 2926 reversum
1248 2863 1333 2942 (731
1358 2884 1386 2925 a.
1491 2849 1492 2862 ¹

431 3209 535 3263 tamen
571 3198 671 3261 omnis
707 3193 762 3268 illa
789 3187 978 3282 Aethiopiae
1008 3218 1080 3282 pars
1108 3199 1142 3260 in
1170 3197 1387 3262 Romanorum

431 3308 551 3375 ditione
573 3309 728 3384 remansit,
750 3318 830 3372 teste
851 3311 1010 3374 itinerario
1029 3309 1183 3373 Antonini
1204 3307 1268 3390 (ed.
1285 3309 1388 3372 Wes-
1490 3310 1491 3326 ¹

431 3419 539 3506 seling.
562 3443 593 3506 p.
619 3421 713 3499 164),
739 3423 773 3482 in
802 3441 867 3505 quo
895 3417 977 3484 fines
999 3407 1094 3506 posit'i
1116 3432 1188 3486 sunt
1211 3420 1251 3486 ad
1273 3423 1389 3486 Hiero·
1455 3422 1462 3439 '

431 3534 617 3620 sycaminon
650 3529 766 3612 (bodie
796 3529 1145 3612 Wadi-Maharraka).
1202 3533 1315 3630 Usque
1345 3531 1387 3596 sd

339 3817 342 3826 ,
432 3775 495 3840 que
515 3754 584 3819 Nili
605 3756 673 3840 ripa
694 3749 791 3819 niulta
815 3764 991 3832 oocummt,
1014 3754 1072 3820 sed
1095 3757 1186 3820 etism
1207 3759 1387 3842 inscriptio-

430 3885 487 3928 nes
516 3863 704 3950 templorum
732 3867 921 3944 invenimus,
954 3863 1084 3954 quarum
1097 3951 1099 3958 Α
1112 3867 1299 3947 nonnullas,
1329 3866 1388 3932 ubi
