3002 4544
370 313 420 386 52

202 506 276 562 Pms
296 501 315 558 1.
374 509 477 553 remus
505 489 610 573 potius
638 485 817 573 hujusmodi
844 483 991 571 symbola
1016 489 1048 551 in
1070 485 1218 571 sepulcro
1240 489 1319 572 ipso,

374 599 463 687 quod
484 610 519 664 ut
539 597 649 684 templi
670 599 801 662 formam
823 621 900 683 prae
922 620 957 662 se
980 598 1063 663 ferre
1086 597 1250 675 concedas,
1276 608 1321 662 ta-

271 768 274 772 ,
373 734 446 777 men
489 710 610 776 nullum
648 713 811 794 vestigium
847 713 971 775 mortui
1000 710 1134 776 Osiridis
1171 712 1319 776 continet.

374 826 517 901 Etiamsi,
546 844 628 908 quae
650 844 734 886 nunc
757 821 881 887 deletae
904 833 989 899 sunt,
1017 822 1136 908 figurae
1158 825 1322 886 remansis-

376 948 459 1013 sent,
488 946 592 998 tamen
621 934 660 999 de
683 933 809 998 tabulae
835 932 919 998 illius
943 933 1169 1019 significatione
1192 937 1319 1000 omnino

375 1047 452 1112 nihil
474 1050 550 1112 certi
573 1045 733 1111 declarare
757 1045 949 1109 auderemus.
995 1047 1134 1111 Tantilla
1156 1049 1237 1112 enim
1258 1066 1323 1109 me-

375 1162 475 1224 moria
503 1158 543 1222 dc
566 1159 794 1244 Aegyptiorum
817 1161 999 1242 antiquitate
1022 1158 1148 1244 prodita
1171 1170 1231 1237 est,
1260 1169 1322 1222 tam

377 1271 509 1336 confusa
532 1273 644 1346 omnia,
668 1259 749 1354 quae
773 1268 812 1333 de
836 1271 978 1335 Deorum
1001 1271 1087 1336 cultu
1109 1272 1150 1337 ad
1171 1294 1231 1336 nos
1253 1293 1323 1357 pera

376 1394 539 1461 venerunt,
562 1393 625 1446 tam
646 1384 765 1444 incerta
783 1381 890 1446 ‘adhuc
911 1382 1069 1446 literarum
1091 1406 1247 1448 sacrarum
1270 1405 1323 1446 co-

376 1498 488 1580 gnitio,
517 1507 564 1572 ut,
592 1493 667 1558 licet
694 1497 825 1557 maxima
853 1491 1010 1579 diligentia
1033 1497 1218 1580 scriptorum
1241 1497 1323 1559 testi-

375 1610 481 1670 monia
503 1605 641 1691 colligas,
664 1609 848 1691 paucissima
871 1616 974 1669 tamen
988 1627 1048 1691 pro
1064 1618 1150 1671 certo
1168 1607 1322 1671 affirmare

375 1721 492 1805 possis,
522 1715 653 1803 plurima
679 1728 713 1782 ut
736 1715 878 1801 ambigua
900 1715 952 1780 vel
975 1719 1131 1812 incognita
1154 1718 1321 1802 relinquas.

376 1830 441 1896 Sed
467 1833 500 1894 in
527 1829 707 1917 hujusmodi
732 1827 999 1915 disquisitionibus
1020 1832 1116 1894 satius
1146 1841 1207 1907 est,
1225 1831 1324 1892 insci·
1482 1811 1484 1880 i

375 1946 448 2010 tiam
482 1941 639 2026 profiteri,
675 1965 767 2026 quam
783 1945 989 2024 incomperta
1018 1952 1050 2004 et
1078 1939 1173 2005 dubia
1200 1945 1233 2004 in
1261 1962 1325 2004 mc-

375 2053 459 2115 dium
482 2051 633 2133 proferro.
709 2079 713 2088 =
789 2057 795 2070 '

439 2158 609 2225 Crocodili
637 2158 737 2220 sonna
764 2159 934 2241 integra,
963 2154 1063 2242 qualis
1087 2157 1193 2223 tabula
1214 2171 1324 2226 nostra

377 2292 525 2359 expressa
555 2282 614 2348 cst,
645 2268 720 2333 alias
748 2290 814 2332 non
842 2269 1024 2353 frequenter
1050 2274 1212 2357 reperitur.
1268 2273 1334 2356 Dii

373 2381 744 2472 xpoxoduioxtrpados
775 2381 860 2455 haud
893 2401 965 2445 raro
1001 2395 1183 2461 occurrunt,
1224 2395 1265 2449 et*
1290 2388 1322 2449 in

1479 538 1484 632 i

374 2606 479 2672 acibus
528 2604 755 2683 involutorum,
810 2608 917 2670 variae
969 2606 1187 2692 magnitudinis
1236 2611 1324 2673 inve-

371 2723 507 2786 niuntur.

224 2839 295 2894 Cetei
438 2819 534 2894 Juxta
557 2841 688 2931 portfln
702 2829 753 2910 (k)
774 2832 807 2892 in
828 2829 883 2894 illa
899 2832 978 2893 muri
992 2841 1090 2915 parte,
1113 2854 1194 2918 quac
1209 2854 1321 2918 aquam

190 2918 342 2979 'mmmm'
370 2954 509 3030 spectat,
538 2944 757 3027 inscriptiones
785 2963 912 3026 graecas
940 2942 1110 3008 nonnullas
1139 2947 1319 3022 invenimus,

373 3077 503 3144 quarum
531 3075 639 3132 unam,
657 3063 812 3120 accurate
838 3051 971 3119 anobis
994 3049 1163 3141 depictam,
1190 3057 1251 3123 huc
1271 3078 1320 3122 re-

371 3169 454 3233 ferre
477 3166 594 3252 placet:

484 3303 1210 3360 ic1Aixnrrioronnitnncocronsrrnmnns
1244 3347 1247 3352 .

493 3391 1201 3448 ounnmuflcosrCncnnoxorrtnlrnrtmn

778 3481 908 3530 omium
1275 3487 1279 3493 '

1483 2171 1484 2221 i

374 2497 528 2581 hypogeis
561 2491 720 2574 Thebanis
761 2515 871 2579 magna
908 2495 956 2557 vis
990 2493 1254 2574 crocodilorum.
1277 2497 1323 2562 ia-
1477 2509 1483 2766 p

1482 3195 1483 3269 i

440 3683 508 3738 cies.
548 3681 691 3740 llsemble
716 3705 766 3760 quc
788 3693 858 3741 cette
880 3683 944 3740 salic
967 3681 1032 3740 r'etoit
1052 3705 1088 3741 un
1104 3684 1157 3742 lieu
1175 3655 1320 3763 dapsilem:
1476 3661 1482 3840 <

421 3787 517 3842 mage,
548 3771 582 3826 ob
609 3768 648 3825 les
671 3789 815 3846 voyageurs
836 3773 916 3848 pieux
937 3772 1060 3827 aimoicnt
1083 3775 1098 3827 i
1118 3774 1227 3836 inserite
1246 3770 1318 3830 leurs

442 3873 520 3912 noun
538 3864 566 3914 et
581 3857 722 3934 pent-titre
741 3856 780 3914 ies
796 3855 885 3914 motiis
902 3856 936 3914 de
953 3854 1011 3915 leur
1026 3876 1138 3935 voyage..
