3002 4544
379 310 429 386 to

382 499 443 568 est,
469 487 528 554 sed
555 489 648 554 etiam
674 497 820 555 notarum
840 509 998 555 sacrarum
1019 485 1143 556 habitus
1166 497 1198 556 et
1220 488 1331 570 torma,

383 623 401 665 a
423 603 535 666 ceteris
557 598 667 689 templi
687 604 773 667 notis
795 601 891 688 longe
914 601 1046 668 diversa.

447 714 591 779 Minores
619 712 758 801 pylones
786 715 894 796 (NN¹
904 715 920 797 )
948 713 1081 802 obliquo
1107 714 1223 803 angulo
1247 713 1332 802 adia

323 837 452 892 ctos
497 846 567 892 esse
610 829 705 904 atrio,
748 847 844 914 supra
879 829 1127 894 memoravimus.
1187 828 1332 914 Quorum

382 959 500 1002 summa
528 960 601 1025 pars
629 939 742 1025 injuria
770 950 948 1026 temporum
971 939 1138 1007 admodum
1161 938 1247 1004 laesa
1270 949 1334 1015 est;
1436 1003 1444 1016 ,

382 1053 417 1116 in
443 1061 576 1136 utraque
600 1052 681 1116 enim
704 1050 754 1116 ala
776 1073 874 1137 pagus
896 1050 1039 1118 arabicus
1062 1052 1137 1117 olim
1160 1062 1333 1118 exstructus

356 1161 456 1241 'luit,
485 1182 550 1249 quo
577 1161 692 1228 factum
723 1174 786 1242 est,
813 1174 849 1228 ut
871 1163 1046 1250 crepidines
1068 1185 1207 1230 summae
1228 1165 1335 1251 proje-

383 1255 491 1340 cturae
518 1273 587 1339 fere
614 1296 724 1341 omnes
747 1276 889 1363 dejectae
911 1278 987 1356 sint,
1015 1280 1208 1364 tuguriorum
1231 1287 1334 1342 autem

383 1384 528 1454 labentes
555 1388 665 1454 ruinae
687 1387 869 1475 adspectum
897 1387 1038 1454 foedent
1089 1390 1196 1455 Unum
1217 1391 1250 1454 in
1268 1410 1336 1455 me·

384 1496 444 1566 diis
472 1499 646 1588 pylonibus
675 1503 803 1578 ostium,
840 1499 972 1587 obliquo
1002 1501 1117 1588 angulo
1144 1489 1266 1568 murum
1288 1522 1337 1568 sc-

385 1634 474 1690 cans,
496 1611 607 1677 eadem
628 1615 752 1679 ratione
775 1624 1002 1692 constructum,
1030 1636 1093 1699 qua
1114 1618 1253 1699 priorum
1276 1641 1337 1704 pp,-

385 1722 495 1789 lonum
530 1734 638 1810 porta,
672 1727 715 1791 ita
743 1735 779 1789 ut
806 1723 919 1790 valvae
946 1734 1074 1811 apertae
1103 1727 1183 1790 intra
1214 1749 1336 1794 murum

331 1895 337 1909 .
370 1833 491 1904 'locum
512 1834 673 1902 haberent
724 1837 854 1903 Aditum
875 1835 1008 1923 praebet
1029 1835 1240 1923 pulcherrimo
1263 1863 1338 1929 pro-

384 1970 463 2028 nao,
493 1953 547 2035 qui
574 1952 656 2015 inter
683 1971 808 2026 omnes,
837 1972 874 2014 ex
895 1952 1126 2034 Aegyptiorum
1155 1951 1338 2032 antiquitate

385 2059 479 2126 nobis
507 2058 651 2135 relictos,
680 2058 776 2120 facile
803 2060 935 2142 primum
963 2056 1069 2120 locum
1099 2069 1242 2143 occupat.
1299 2059 1338 2122 In

388 2191 452 2256 quo
480 2167 649 2233 condendo
680 2177 712 2234 et
734 2163 925 2232 collocando
949 2168 1007 2230 etsi
1029 2165 1213 2254 angulorum
1235 2180 1339 2235 recto-

386 2304 455 2347 rum
477 2282 557 2346 ratio
579 2277 705 2368 saepius
729 2277 777 2345 est
797 2277 950 2366 neglecta,
970 2281 1126 2346 neminem
1143 2291 1252 2346 'tamen
1267 2281 1338 2348 fore

388 2393 552 2490 credimus,
580 2396 643 2480 qui,
666 2415 735 2457 cum
758 2403 842 2458 tanta
865 2394 905 2457 sit
926 2393 1022 2458 totius
1045 2395 1151 2479 operis
1173 2395 1338 2480 perfectio,

387 2509 421 2574 in
454 2517 516 2572 tam
547 2505 612 2571 levi
636 2508 726 2584 vitio,
768 2502 922 2591 siquidem
955 2507 1063 2572 vitium
1096 2517 1160 2584 est,
1200 2506 1337 2576 haereat.

388 2619 510 2686 Decem
533 2617 685 2685 columnis
709 2628 831 2684 constat
852 2638 1008 2704 pransos,
1037 2639 1167 2704 quarum
1194 2620 1228 2684 in
1257 2629 1339 2700 utra-

390 2753 452 2818 que
481 2742 570 2819 parte
600 2730 681 2796 duae
709 2732 743 2796 in
764 2728 869 2795 medio
891 2731 1029 2818 positae,
1057 2749 1147 2794 muro
1169 2729 1340 2797 intercolu-

389 2847 474 2908 mnio
497 2842 539 2908 ad
561 2847 682 2910 tertiam
705 2842 874 2909 altitudinis
895 2840 1130 2930 partemelato,
1152 2846 1339 2930 conjunctae

306 3031 310 3037 ,
390 2967 477 3034 sunt,
505 2959 548 3020 ita
570 2965 605 3022 ut
626 2958 740 3040 pronai
759 2976 833 3042 pars
855 2951 1154 3037 anteriorduahus,
1182 2957 1340 3042 posterior

391 3078 494 3154 autem
523 3075 671 3155 quattuor
692 3077 836 3135 teneatur
862 3064 1024 3134 columnis.
1078 3068 1212 3132 Tectum
1233 3088 1342 3153 super-

390 3183 528 3268 positum
554 3177 646 3242 nullo
676 3176 751 3245 loco
774 3177 908 3256 laesum,
935 3177 1076 3264 impluvii
1097 3178 1195 3245 modo
1217 3159 1363 3266 apertu-'

391 3315 456 3358 ram
479 3289 574 3358 habet
597 3289 785 3378 quadratam,
812 3312 853 3355 ne
875 3289 1097 3356 remotioribus
1119 3289 1256 3356 aedificii
1271 3313 1343 3382 par-

392 3401 475 3470 tibus
497 3403 604 3468 lumen
627 3402 715 3470 desit.
766 3403 902 3468 Formae
929 3382 1200 3490 hieroglyphicas,
1227 3402 1342 3492 quibus

393 3519 544 3603 parietes,
573 3515 736 3604 colomnae
761 3528 792 3582 et
815 3513 974 3582 lacunaria
995 3513 1116 3602 repleta
1138 3527 1224 3594 sunt,
1253 3517 1342 3582 suavi

393 3648 499 3715 eoque
529 3630 606 3696 mire
628 3640 753 3694 servato
777 3627 920 3695 colorum
941 3629 1046 3692 nitore
1067 3621 1250 3716 splendent;
1279 3650 1343 3694 ma-

393 3741 505 3806 ximum
533 3751 636 3806 autem
664 3742 777 3825 pronai
804 3738 901 3804 decus
930 3738 1039 3802 decem
1067 3749 1141 3805 sunt
1168 3738 1341 3826 columnae,

392 3856 425 3921 iu
448 3853 561 3944 quibus
584 3861 768 3918 ornamenta
795 3854 913 3928 omnia,
940 3847 1089 3939 singulari
1111 3849 1269 3942 diligentia
1284 3872 1342 3942 ex-

1486 3731 1488 3818 l
