3002 4544
222 478 297 534 Pars
315 477 335 533 l.

206 815 351 899 Philarum

243 896 318 940 satus.

209 2054 269 2112 Nili
286 2056 352 2108 litua

34 2167 38 2175 .
103 2171 105 2178 χ
201 2127 361 2182 occidentale

391 299 417 372 2

391 475 451 540 bus
473 476 540 539 fere
563 478 667 539 omnia
689 474 870 540 ceciderunt
883 473 939 554 *),
962 475 1119 540 Philarum
1142 487 1243 542 autem
1266 489 1342 542 tem-

390 587 459 673 pla,
487 586 613 652 favente
636 586 776 664 fortuna,
802 609 912 673 magna
936 610 972 651 ex
994 599 1083 673 parte
1105 592 1225 675 integra
1246 589 1341 656 nobis

392 709 517 765 servata
538 711 619 766 srmt.

436 814 507 876 Jam
522 815 662 898 primum,
674 821 709 875 ut
723 823 902 877 nostrorum
918 815 1168 901 geographorum
1183 836 1280 893 more,
1294 817 1340 878 in-

393 923 481 988 sulae
496 927 587 988 situm
603 927 775 988 accuratius
794 923 986 1000 definiamus,
1007 925 1180 989 notandum
1196 938 1251 1004 est,
1274 929 1341 1012 ejus

393 1035 591 1100 latitudinem
612 1034 775 1101 borealem
799 1059 867 1101 esse
889 1039 951 1104 24⁰
977 1033 1006 1100 3'
1028 1033 1094 1115 45¹¹,
1116 1037 1342 1124 longitudinem

396 1147 583 1214 orientalem
612 1149 708 1212 Paris.
732 1149 794 1212 30⁰
819 1147 957 1214 33'116'2
1009 1150 1176 1235 Sequimur
1199 1153 1258 1214 viri
1287 1149 1343 1214 do-

393 1261 517 1327 ctissimi
538 1261 658 1326 Noueti
688 1259 936 1326 dissertationem
961 1265 994 1326 in
1017 1261 1342 1328 Commentationibus

393 1361 592 1460 aegyptiacis
612 1375 801 1454 (Memoires
824 1395 878 1436 sur
899 1373 1046 1460 l'Egypte
1069 1397 1158 1438 anx.
1183 1376 1278 1439 1801.
1302 1376 1341 1438 ΙΙ.

391 1510 423 1571 p.
452 1487 548 1566 237.)
582 1485 637 1550 ubi
669 1484 815 1550 subtilior
848 1490 1039 1571 computatio
1069 1490 1278 1551 astronomica
1309 1489 1343 1548 in

392 1617 482 1663 usum
508 1607 622 1673 uocata
651 1607 712 1672 est,
736 1600 793 1659 etsi
822 1601 974 1660 exercitus
1002 1597 1270 1662 Franco-Gallici
1296 1601 1343 1659 in-

391 1709 592 1794 scriptionem
619 1708 652 1770 in
679 1723 792 1790 magno
815 1706 972 1771 Philarum
1000 1706 1137 1792 pylone,
1166 1729 1258 1792 quem
1286 1728 1343 1769 vo-

394 1832 479 1899 cant,
502 1818 607 1905 legere
623 1821 823 1896 meminimus,
846 1841 928 1904 quae
949 1818 1144 1884 latitudinem
1158 1821 1220 1920 24⁰
1240 1813 1343 1883 1’34”

392 1931 619 2017 longitudinem
641 1932 704 1993 30⁰
729 1928 780 1993 34'
803 1928 866 1996 16'3
880 1933 971 2013 ponit
985 1930 1049 2009 Η).

458 2043 547 2103 Litus
570 2038 636 2101 Nili
660 2037 855 2101 occidentale
879 2037 1069 2100 ePhilarum
1091 2041 1220 2123 regione
1242 2041 1342 2106 multo
1460 2113 1463 2118 ¹

392 2153 519 2238 majoris
543 2159 590 2214 est
612 2147 790 2224 altitudinis
814 2169 906 2233 quam
930 2146 1114 2216 elatissimae
1135 2149 1258 2215 insulae
1272 2173 1344 2237 par-

393 2276 449 2331 tes.
496 2263 618 2328 'lamen
640 2272 772 2347 propter
787 2248 933 2344 'uraguam
955 2282 1070 2324 arenae
1093 2263 1224 2348 copiam,
1251 2264 1343 2328 eLi-

392 2377 477 2464 byae
506 2373 638 2444 desertis
665 2365 874 2461 adporlatam,
903 2375 1003 2438 minus
1024 2385 1227 2460 praeruptum
1248 2399 1344 2464 appa-

328 2467 332 2478 ¹
392 2501 457 2568 ret,
490 2472 584 2576 quam
612 2486 700 2574 quod
729 2488 909 2572 oppositum
936 2496 983 2551 est
1011 2485 1093 2552 litus.
1149 2486 1341 2576 Ubicunque

392 2624 488 2690 rupes
511 2600 675 2687 disjectae,
696 2601 785 2684 nigro
810 2598 919 2663 colore
941 2597 1092 2678 imbutae,
1115 2603 1208 2666 variis
1229 2623 1342 2687 scopu-

391 2715 496 2780 lorum
512 2714 639 2792 lormis,
660 2717 693 2778 in
716 2713 812 2778 altum
835 2711 1022 2792 efferuntur,
1042 2715 1127 2778 inter
1147 2736 1225 2799 quas
1248 2735 1343 2780 arena

392 2826 516 2912 libyca,
552 2848 622 2890 cum
657 2829 770 2890 sensim
805 2824 1017 2910 paulatimque
1045 2825 1211 2890 intervalla
1237 2828 1340 2890 omnia

326 3021 330 3028 ι
393 2938 578 3025 repleverit,
606 2959 706 3023 usque
735 2935 775 3002 ad
797 2937 904 3002 Nilum
933 2937 1153 3024 progrediens,
1180 2959 1223 3003 ne
1244 2937 1342 3024 pediti

428 3163 451 3236 ³)
469 3162 570 3218 Auctor
586 3168 673 3216 tantae
691 3167 917 3214 monumentorum
940 3159 1054 3230 jacturae
1071 3155 1120 3212 luit
1135 3153 1342 3214 liobammedus·

463 3252 528 3325 bey,
552 3251 596 3326 qui
618 3248 686 3302 circa
709 3263 803 3300 annum
820 3241 1050 3302 MDCCCXVIH.
1073 3243 1219 3322 praefectus
1236 3243 1342 3320 Syenen

463 3339 571 3405 missus,
595 3337 681 3391 omnia
703 3331 887 3408 Elephantines
909 3330 1006 3409 templa
1029 3330 1120 3399 diruit,
1147 3339 1174 3386 ct
1195 3332 1223 3386 in
1245 3329 1341 3386 calcem

464 3422 589 3477 dissolvit.
631 3419 704 3477 ldem
726 3417 770 3474 ille
787 3419 923 3487 barbarus,
947 3420 1004 3496 pari
1025 3419 1084 3474 usui
1100 3437 1252 3473 numerosas
1268 3416 1341 3473 Anti-

462 3515 529 3569 nots
547 3507 693 3576 columnas,
715 3504 840 3563 Hadriani
856 3517 976 3583 tempore
993 3503 1142 3574 collocatas,
1166 3522 1260 3576 magno
1277 3503 1342 3558 anti·

441 3613 442 3618 ’
462 3595 567 3672 quitatis
585 3591 742 3649 detrimento
760 3596 859 3650 evertit.
1039 3654 1043 3664 ¹

426 3683 460 3753 “)
479 3679 595 3738 Eosdem
613 3699 749 3746 numeros,
768 3681 852 3735 minus
870 3688 1017 3746 accuratos,
1035 3676 1137 3732 tabulae
1154 3674 1340 3752 geographicae

464 3768 539 3838 (anui
557 3765 643 3834 1818)
667 3769 832 3842 praepositos
854 3767 880 3821 in
899 3765 1087 3840 Descriptione
1104 3763 1217 3838 Aegypti
1234 3761 1338 3838 Antiqu.

461 3855 511 3914 vol.
529 3873 553 3920 r,
589 3854 740 3930 reperimus.
1046 3847 1049 3851 ’
