3002 4544
1077 335 1101 406 3

40 501 56 526 ³
88 564 102 595 ‚
157 501 282 595 quidem
309 512 390 573 viam
410 508 579 601 relinquit,
608 531 706 594 quare
733 511 862 586 nuntii5‚
892 508 932 574 ab
953 511 1102 597 Aegypto
1157 523 1232 583 Pras
1250 525 1268 582 l.

155 625 318 708 superiore
333 619 469 686 Nubiam
493 612 524 686 et
545 625 730 687 remotiores
752 624 898 708 regiones
915 621 1103 708 petentibus,

155 739 182 800 is
204 737 322 799 itineris
345 733 425 800 ordo
448 736 657 820 praescriptus
682 746 736 812 est,
758 745 793 800 ut
816 723 856 800 ad
876 735 1008 822 Syenen
1030 735 1104 802 dex·
1126 817 1129 826 Ι

155 856 235 911 trum
256 845 324 911 Nili
345 845 417 911 litus
439 845 625 932 relinquant,
646 850 678 912 in
697 848 822 912 sinistro
837 867 924 928 vero,
944 871 1003 934 per
1016 869 1104 916 mon-

156 969 203 1024 tas
231 957 367 1026 incultos
396 956 436 1022 de
464 958 541 1027 Nilo
571 981 671 1045 usque
701 959 740 1026 ad
771 958 922 1048 oppidum
949 957 1104 1028 nubiensc
1131 1033 1158 1052 ἱ,

155 1070 294 1137 Debode
317 1070 485 1136 declinent.

221 1185 310 1248 Litus
336 1183 492 1248 'orientale
514 1204 617 1269 prope
639 1185 768 1249 fluvium
790 1185 823 1249 in
836 1205 984 1276 magnam
1006 1183 1105 1271 plani·
1124 1207 1151 1253 et
1168 1200 1303 1254 orientale.

154 1299 228 1360 tiem
262 1295 460 1382 expanditur,
495 1317 513 1360 c
546 1295 720 1382 longinquo
754 1297 912 1362 montibus
944 1299 1103 1363 inclusam.
1177 1271 1179 1283 l

124 1409 259 1494 'Prope
289 1431 400 1494 aquam
428 1406 592 1472 Nubarum
619 1408 796 1473 habitacula
829 1409 997 1487 nonnulla,
1029 1411 1104 1474 limo

152 1519 347 1606 negligenter
370 1529 523 1592 exstructa
546 1528 633 1594 sunt,
664 1523 743 1603 agris
766 1522 956 1603 paucissimis
979 1522 1106 1582 circmn

152 1630 354 1717 jacentibus.'
392 1629 545 1693 Rotarum
579 1650 694 1713 genere
728 1627 993 1713 hydraulicarum,
1028 1651 1104 1714 quas

59 1819 60 1824 γ
154 1743 264 1827 Saqias
292 1752 421 1818 vocant,
453 1741 582 1804 utuntur
608 1739 732 1804 incolae
762 1738 803 1804 ad
826 1727 1017 1806 efferendam
1039 1742 1105 1806 Nili

155 1875 281 1939 aquam,
310 1855 400 1914 siccis
423 1853 497 1912 amri
517 1849 711 1932 temporibus
733 1850 776 1928 l‘).
828 1852 958 1914 Montes
985 1855 1018 1915 in
1046 1855 1105 1918 hac

154 1964 256 2028 litoris
283 1971 372 2046 parte
400 1961 535 2044 speciem
557 1956 712 2043 praebent
740 1962 878 2044 rupium,
908 1982 946 2023 ex
975 1959 1105 2047 disjecta
1167 2038 1173 2047 Ι

153 2071 350 2158 multitudiue
377 2073 410 2135 in
439 2070 535 2134 altum
565 2080 798 2154 congestarum
828 2069 908 2157 lapis
930 2075 1104 2156 graniticus,

153 2199 223 2252 c'um
251 2194 383 2272 propter
405 2185 485 2247 ae'ris
507 2185 675 2246 siccitatem
698 2181 874 2267 plantarum
895 2183 1015 2251 radices
1037 2209 1104 2253 non

154 2301 295 2386 patiatur,
317 2293 554 2381 inregionibus
577 2293 673 2358 Philis
690 2295 987 2382 circumjacentibus,
1008 2298 1103 2385 plane

154 2408 257 2476 nudus
287 2419 346 2484 est;
375 2410 409 2472 in
431 2430 526 2472 arena
549 2406 666 2485 calida,
696 2411 774 2492 agris
798 2411 956 2494 contigua,
986 2414 1103 2476 carices

154 2523 307 2588 rarissime
329 2523 533 2606 reperiuntur.
763 2515 764 2520 ’

220 2632 327 2710 Nilus,
357 2655 375 2696 a
397 2631 527 2708 meridie
555 2629 745 2717 procedens,
774 2631 871 2696 Philis
893 2631 1023 2712 relictis
1051 2656 1104 2700 au-
1115 2656 1224 2714 Iuratae
1230 2675 1314 2728 prope

1162 2730 1265 2784 Pltilut.

1155 2384 1172 2420 Ο

189 2937 212 3008 ’)
227 2930 348 2993 “lautum
365 2944 479 2992 rotarum
496 2954 630 2991 numerum
648 2939 675 2991 iu
692 2934 763 2992 nullo
780 2935 886 2993 flumine
904 2939 1013 3014 reperiri
1030 2949 1103 3015 puta·

223 3045 295 3092 mus,
316 3025 367 3078 nisi
389 3025 416 3077 in
433 3020 510 3090 Nilo,
533 3023 578 3098 qui
599 3021 671 3078 solus
689 3025 716 3078 in
735 3022 870 3102 Aegypto,
895 3045 954 3080 cum
971 3027 1103 3082 rarissime

222 3111 308 3188 pluvia
325 3108 483 3177 effundatur,
504 3110 680 3182 irrigationem
697 3110 807 3188 praehet
820 3112 899 3186 agris.
935 3111 965 3166 ln
982 3111 1110 3187 Aegypto·

222 3201 358 3274 superiore
380 3207 407 3252 et
429 3206 485 3252 tota
507 3195 592 3252 Nubia
613 3216 721 3272 magnus
744 3196 881 3274 Saqiarum
903 3217 1025 3253 numerus
1048 3217 1103 3253 cer-

222 3288 301 3353 nitur,
320 3304 384 3362 quae
404 3303 494 3339 omnes
513 3303 563 3339 una
581 3282 728 3360 eademrpre,
743 3287 842 3341 ratione
860 3294 920 3341 sunt
931 3292 1102 3342 constructae.

119 3417 126 3426 „
222 3371 367 3446 Parcmque
395 3391 476 3446 aquae
503 3375 604 3448 copiam
631 3391 835 3446 unamquamque
865 3380 949 3426 rotam
976 3372 1102 3448 praebere

206 3475 207 3482 ’
223 3461 321 3535 campis
339 3458 499 3534 experientia
516 3457 618 3524 docuit,
636 3460 672 3512 ita
690 3459 762 3513 utin
780 3456 985 3530 consurgendo,
1003 3479 1036 3515 ex
1054 3458 1101 3515 Sa·

223 3548 322 3622 qiarurn
347 3563 455 3600 mimero
483 3543 516 3600 de
540 3564 659 3618 agrorum
683 3543 859 3619 magnitudine
883 3553 909 3599 et
930 3545 1016 3602 reditu
1036 3545 1101 3618 judi·

222 3643 302 3688 cetur.
343 3629 604 3699 Burclrhardtus,
627 3633 711 3687 viator
727 3629 804 3703 longe
822 3634 1041 3700 accuratissimus,
1063 3636 1101 3690 in·

221 3727 263 3774 ter
288 3719 399 3795 primam
425 3727 451 3771 et
474 3718 615 3774 secundam
643 3727 808 3786 cataractam,
835 3719 895 3774 inde
922 3739 937 3772 a
962 3715 1042 3774 Phitis
1067 3718 1101 3776 ad

222 3801 423 3860 Wadi-Hallam
442 3805 493 3860 600
512 3804 544 3860 ad
563 3805 726 3880 700„Saqias
742 3825 773 3860 se
790 3825 941 3862 numerasse
958 3803 1045 3862 resen.
1066 3803 1098 3860 cl.

223 3889 331 3950 Travels
348 3893 376 3948 in
392 3889 477 3947 Nubia
495 3911 522 3967 p.
541 3894 601 3947 137.

845 3986 901 4050 μ
