3002 4544
258 325 543 378 .,Ἦ.

402 479 456 554 cis
482 475 770 586 additamentis,
796 479 970 556 aliorum
994 504 1098 568 cura,
1123 494 1170 555 ut
1195 480 1264 581 qui
1285 479 1353 556 de-

371 639 374 646 ·
401 598 528 676 functi
554 601 791 676 mem'oriam
823 602 888 702 pie
922 589 1114 690 colerent,
1145 602 1188 676 in
1222 602 1353 677 lucem

401 721 552 824 prodiit
576 726 619 818 *).
679 728 810 818 Quare
843 723 961 798 nobis
992 723 1034 797 in
1068 724 1141 798 hac
1174 722 1352 798 disserta-

329 895 337 912 .
400 845 521 930 tione,
549 843 598 918 de
624 844 752 942 insula
779 845 843 919 illa
867 834 1353 948 observationesnonnul-

400 966 457 1042 las
482 963 790 1066 proferentibus,
821 965 978 1041 nullum
1005 965 1113 1042 aliud
1139 965 1352 1042 consilium

339 1173 342 1180 ¹
401 1086 496 1174 fuit·
519 1087 593 1160 nisi
618 1101 664 1160 ut
688 1087 744 1174 iis,
772 1111 873 1186 quae
898 1086 1046 1187 publici
1071 1085 1167 1185 juris
1192 1085 1271 1184 jam
1296 1083 1353 1160 fa-

402 1224 460 1284 cta
488 1222 613 1294 erant,
644 1207 917 1310 supplementa
944 1207 1140 1308 quaedam
1167 1205 1352 1305 adjicere-

400 1355 502 1418 mus,
528 1331 745 1432 omniaque
769 1329 943 1406 dilucide
975 1329 1112 1404 collata
1138 1329 1352 1406 lectoribus

400 1467 490 1530 ante
513 1451 653 1527 oculos
675 1439 962 1570 pipponent'es,
995 1451 1177 1526 notitiam
1204 1473 1352 1526 monu-

398 1588 642 1661 mentorum,
668 1574 814 1674 quibus
839 1572 968 1648 insula
995 1573 1257 1649 condecorata
1284 1585 1350 1658 est,

400 1696 687 1772 absolutiorem
708 1693 993 1770 exhiberemus.
1033 1696 1093 1768 De
1114 1707 1236 1768 aetate
1250 1718 1350 1794 quo-

401 1818 751 1920 quetemplorum
778 1816 873 1892 inde
901 1841 945 1891 ex
963 1815 1069 1891 illius
1089 1812 1350 1917 expeditionis

398 1950 581 2033 tempore
614 1939 752 2028 opinio
789 1938 939 2013 diversa
975 1939 1137 2020 exstitit,
1171 1953 1217 2014 ut
1247 1938 1350 2012 hanc

397 2079 484 2130 rem
512 2053 648 2132 denuo
669 2047 901 2144 investigare
920 2061 1063 2146 operae
1083 2056 1132 2128 sit
1149 2057 1333 2154 pretium.

470 2171 629 2250 Insulae
654 2169 831 2248 tabulam
859 2168 1189 2266 elegantissimam
1208 2171 1351 2250 descri-

398 2307 563 2399 pserunt
595 2289 840 2402 Corahoeul‚
880 2288 1103 2378 Devilliers‚
1139 2293 1281 2372 Jollois
1314 2311 1353 2372 et

399 2423 453 2495 St.
472 2416 603 2502 Genis‚
631 2413 751 2515 quain
775 2427 909 2494 tamen
934 2436 1019 2488 uon
1038 2413 1171 2494 solum
1187 2415 1230 2494 in
1248 2441 1351 2499 non·

271 2551 272 2554 ’
398 2538 607 2616 nullorum
640 2536 886 2637 templorum
919 2535 997 2617 situ
1026 2535 1162 2616 minus
1195 2543 1381 2616 accura-'

397 2677 489 2751 tam,
515 2658 586 2738 sed
613 2657 797 2764 etjamhin
823 2657 896 2736 soli
924 2655 1242 2756 configuratione
1267 2686 1350 2736 ma-

264 2805 273 2820 ·
398 2808 473 2882 gna
510 2781 663 2858 incuria
694 2777 837 2857 factam
871 2805 955 2858 esse
988 2779 1349 2869 animadvertimus.

393 2903 564 3001 Singula
588 2903 793 2986 Philarum
811 2915 1083 2978 monumenta
1110 2901 1350 3003 (Antiquita-

289 3037 298 3058 ·
339 3065 347 3080 ·
398 3038 485 3101 tum
511 3024 599 3110 Vol.
616 3029 643 3100 Ι.
669 3021 764 3101 inde
790 3049 810 3100 a
836 3024 969 3104 tabula
996 3029 1017 3098 1
1043 3049 1172 3123 usque
1198 3024 1247 3100 ad
1273 3026 1349 3104 tab.

398 3151 463 3248 29)
482 3146 626 3226 eximia
644 3159 725 3221 arte
737 3160 902 3233 exarata,
928 3146 1037 3243 signa
1055 3145 1349 3250 hieroglyphica

398 3270 555 3346 solertia
581 3267 692 3370 haud
717 3266 866 3364 vulgar-i
893 3267 1106 3367 perscripta
1133 3281 1171 3341 et
1194 3268 1270 3342 aeri
1289 3268 1349 3342 in-

398 3391 493 3474 cisa,
535 3407 850 3489 nonnunquam·
870 3388 1073 3463 coloribus
1110 3387 1348 3464 nitidissime

400 3524 535 3590 ornata
573 3526 679 3594 sunt3
717 3553 766 3576 -e
809 3535 977 3610 eamque
1021 3508 1152 3608 operis
1194 3523 1348 3609 partem

397 3683 597 3700 unu—¹¹⁸¹·—

437 3778 464 3856 *)
485 3775 609 3838 Lanoret
628 3775 815 3858 Discription
836 3777 872 3839 de
886 3776 951 3878 'l’ile
972 3777 1009 3838 de
1029 3775 1128 3852 Phile,
1149 3795 1213 3857 pag.
1235 3780 1282 3841 29.
1327 3831 1331 3838 ,
