3002 4544
1027 303 1073 404 ei

132 503 203 569 cula
226 515 355 592 angusta
376 525 552 585 remanere,
580 505 638 571 sed
666 517 738 571 ante
766 509 920 593 porticum
943 485 1078 573 orienta-
1128 517 1204 577 Pius
1222 519 1242 580 1.

131 617 193 680 lem
227 623 394 683 tentorium
429 619 567 698 colloca,
590 603 635 682 et
667 621 700 684 in
729 616 942 706 adjacentibus
970 639 1078 683 mona-

133 731 261 794 chorum
291 731 440 796 cubiculis
472 730 660 796 domicilium
684 736 847 796 constitue.
890 732 1013 816 'Neque
1037 730 1077 795 de

131 845 216 905 victu
243 841 301 906 tibi
328 867 403 908 cura
431 847 484 919 sit;
513 846 645 908 nuncius
676 847 756 909 enim
786 845 826 910 de
856 843 994 909 adventu
1021 856 1076 908 tuo

131 976 191 1039 per
217 956 335 1020 insulas
359 955 537 1043 adjacentes
561 967 594 1021 et
614 960 811 1042 propinquos
833 955 1005 1020 Nubarum
1024 978 1078 1041 pa-

132 1088 188 1151 gos
224 1067 385 1132 celerrime
420 1067 609 1154 divulgatur,
645 1090 777 1154 cumque
806 1067 884 1133 lucri
913 1067 1079 1132 avidissimi

132 1181 195 1243 sint
223 1189 254 1243 et
276 1179 397 1246 Arabes
427 1177 458 1246 et
480 1181 610 1261 Nubae,
639 1191 755 1254 tantam
784 1181 1000 1245 alimentorum
1026 1201 1079 1244 co-

13 1273 15 1298 ἵ
131 1293 214 1375 piam
244 1303 418 1376 asportant,
447 1304 482 1356 ut
509 1293 615 1379 aliqua
643 1316 712 1357 curn
736 1291 926 1357 abundantia
948 1315 1079 1358 coenam

13 1435 14 1438 ¹
132 1426 243 1488 parare
270 1408 383 1491 possis.
436 1405 519 1472 Cum
539 1404 652 1470 incolis
675 1403 821 1470 destituta
841 1408 883 1469 sit
903 1403 1018 1480 insula,
1046 1405 1079 1466 in

13 1575 14 1594 ,
132 1497 406 1579 monumerltormn
433 1519 660 1608 perquisitione
685 1514 805 1586 nullam
833 1514 1007 1577 molestiam
1036 1513 1080 1578 al-

133 1625 240 1691 ferunt
260 1624 382 1690 Arabes
413 1629 520 1704 otiosi,
550 1629 658 1711 quiin
686 1629 772 1712 pagis
795 1622 996 1710 Aegyptiacis
1017 1648 1081 1690 ma-

132 1742 214 1802 xima
251 1740 422 1822 pertinacia
458 1741 595 1802 viatores
633 1749 862 1804 consectantur.
929 1738 1081 1804 Ceterum
1165 1817 1167 1821 y

133 1853 231 1915 totius
260 1847 396 1926 insulae,
430 1849 571 1933 undique
598 1849 757 1912 montibus
786 1852 920 1925 cinctae,
955 1849 1079 1912 coelum

136 1959 354 2024 calidissimum
378 1970 438 2036 est,
453 1981 530 2046 qua
550 1962 583 2023 in
606 1981 641 2022 re
662 1962 714 2023 vix
737 1983 755 2023 a
778 1959 930 2024 Thebana
952 1961 1081 2045 regione

132 2083 299 2158 superatur
317 2069 361 2152 *).
396 2069 580 2158 ¹Praecipue
602 2073 684 2133 eirca
705 2070 865 2134 meridiem
888 2069 963 2134 solis
986 2069 1080 2133 radiis

132 2187 179 2248 vis
209 2182 362 2269 quaedam
391 2203 533 2268 pungens
562 2185 657 2261 inest,
687 2183 991 2267 quamolestissime
1015 2180 1082 2245 affr-

134 2301 257 2360 ciun'tur
280 2283 488 2370 ambularites3
519 2315 558 2357 eo
581 2297 732 2380 gratiores
754 2307 827 2360 sunt
848 2297 997 2381 temporis
1019 2317 1082 2359 ma-

134 2411 226 2475 tutini
257 2418 289 2472 et
321 2408 493 2492 vespertini
525 2391 743 2492 refrigerantes
778 2428 887 2486 arnae,
920 2429 982 2472 nec
1013 2427 1081 2472 non

134 2543 231 2587 suave
253 2518 405 2604 refugium
428 2518 568 2583 offerunt
590 2508 778 2604 templorum
801 2517 864 2582 alta
884 2528 976 2583 tecta.

200 2633 445 2720 Pulcherrimum
473 2613 530 2695 tibi
559 2619 618 2695 erit
644 2628 857 2716 spectaculum
886 2651 924 2693 ex
960 2649 1080 2692 summo
1092 2637 1275 2707 Prospectme

1141 2726 1242 2762 Bllmmo

134 2746 266 2834 pylone,
282 2743 430 2808 altissimo
445 2741 566 2806 insulae
582 2740 665 2820 loco,
681 2741 781 2807 solem
796 2739 992 2806 occidentem
1007 2761 1083 2804 con·
1137 2782 1241 2850 pylum.

135 2856 307 2943 templanti.
359 2857 488 2921 Montes
511 2853 639 2938 Libyci,
667 2853 728 2918 soli
758 2851 970 2932 obstruentes,
998 2853 1082 2916 insu-

134 2972 198 3037 lam
220 2966 424 3046 obumbrant,
454 2967 527 3033 dum
550 2964 623 3030 litus
644 2963 711 3030 Nili
734 2965 887 3031 orientale
917 2967 1082 3030 montium-

135 3105 198 3171 que
231 3079 443 3146 Arabicorum
480 3081 554 3165 jugat
590 3075 759 3142 clarissima
797 3077 869 3142 luce
902 3074 1080 3163 splendent.

135 3195 390 3283 Septentrionem
425 3213 535 3256 versus
568 3192 711 3277 proxima
742 3199 896 3254 cataracta
929 3189 1082 3272 conspici-

135 3319 194 3386 tur,
217 3308 305 3393 cujus
328 3305 474 3389 strepitus
498 3303 676 3380 aestdosus,
698 3322 758 3388 pro
781 3303 869 3364 venti
892 3301 981 3377 flatu,
1011 3320 1083 3370 acu·
1147 3321 1149 3330 ¹

135 3424 217 3485 tiore
245 3417 298 3485 rel
328 3393 472 3502 graviore
501 3418 607 3481 sonitu
640 3412 680 3478 ad
714 3434 805 3478 aures
837 3412 988 3498 pervenit.
1044 3413 1082 3477 In

136 3532 230 3596 litore
260 3527 407 3595 orientali
429 3528 494 3596 duo
517 3541 589 3592 saxa
611 3527 747 3612 ingentia
770 3534 960 3602 cemtmtur,
980 3526 1080 3610 primo

133 3687 334 3704 μ

169 3791 196 3863 a)
220 3791 331 3871 Saepius
354 3788 559 3856 observavimus,
581 3786 794 3844 thermometrum
815 3786 842 3842 in
864 3784 971 3842 notorii
988 3781 1080 3840 umbra

205 3880 366 3954 trigesimum
383 3873 478 3933 caloris
491 3857 603 3952 ,gradum
620 3870 729 3932 Reaum.
745 3872 882 3933 indicasse.
