3002 4544
366 364 527 442 ut*

195 555 270 612 Pras
289 555 318 613 11.
368 543 454 608 tinen
487 545 587 606 nostri
615 542 764 626 temporis
793 552 825 606 et
854 539 1018 607 Strabonis
1047 543 1195 620 refertur,
1231 517 1315 608 onrni

366 675 463 719 sensu
477 733 480 742 .
495 666 596 728 caret;
633 658 682 718 sin
715 653 755 718 ad
789 653 908 733 Philas,
946 658 979 718 in
1011 635 1068 718 Vl.
1102 656 1147 718 M.
1182 655 1217 719 P.
1251 676 1312 717 mu-

367 767 493 832 tandum
519 775 610 832 esset.
655 767 749 832 Pater
770 765 965 844 Harduinus,
981 769 1010 852 J,
1033 791 1064 854 p.
1087 769 1162 832 257.
1185 778 1251 831 not.
1276 769 1315 844 8.,

365 879 479 944 iru'stra
508 881 591 944 hunc
612 878 705 944 Plinii
731 877 838 943 locum
869 891 980 944 contra
1002 879 1185 954 Salmasimn
1208 855 1316 942 delen·

367 989 454 1070 dens,
476 987 640 1056 Strabonis
662 989 854 1055 luculentam
874 991 958 1055 illius
980 993 1116 1078 regionis
1133 989 1315 1075 descriptio-

365 1125 438 1167 nem
466 1107 603 1168 vitiatam
626 1115 807 1190 esseputat
827 1101 876 1185 l¹),
907 1125 998 1190 quam
1022 1125 1090 1168 cum
1112 1105 1243 1167 veritate
1265 1123 1315 1165 ac-

367 1196 557 1316 curatissime
580 1217 754 1302 emigruere
776 1193 873 1304 supra
891 1218 1067 1281 notavimus
1089 1210 1155 1304 arry

431 1327 714 1413 Quotienscunque
728 1326 848 1392 Plinius
869 1328 1058 1392 meridianos
1073 1329 1212 1414 Aegypti
1233 1325 1314 1390 fmes

364 1427 555 1518 memorarit,
577 1440 738 1526 Syenen
759 1439 898 1504 ultimam
921 1438 1094 1526 designavit
1107 1435 1227 1518 urbem,
1242 1461 1268 1502 e.
1285 1459 1313 1524 g.

363 1551 420 1616 Vl.
437 1545 495 1628 353
517 1551 614 1616 finem
635 1553 756 1640 imperii
777 1565 872 1618 vocat
893 1553 960 1630 Xll,
981 1553 1022 1630 8.,
1046 1571 1232 1638 quamquam
1246 1553 1314 1636 ipse

363 1662 506 1728 Petronii
538 1659 769 1752 expeditionem
797 1665 1014 1750 Aethiopicam
1042 1676 1148 1728 narrat
1176 1665 1231 1740 Vl,
1260 1661 1311 1726 35.

363 1811 408 1825 -
430 1779 666 1844 Accuratiorem
690 1777 839 1843 addamus
863 1779 965 1843 Taciti
987 1781 1186 1854 sententiam,
1208 1777 1314 1840 Anna-

348 1888 439 1986 lium
461 1887 514 1956 lib.
539 1892 577 1969 11,
605 1893 657 1956 61.
686 1895 895 1970 enunciatam,
924 1889 980 1956 ubi
1003 1891 1043 1956 de
1067 1889 1246 1956 Germanici
1266 1889 1315 1950 iti-

363 2024 442 2067 nere
464 2005 680 2088 Aegyptiaco,
710 2003 1018 2086 cognoscendae
1042 2003 1314 2084 antiquitatis,

364 2114 505 2196 exponit:
550 2112 648 2189 „Exin
679 2122 807 2173 ventum
839 2109 1073 2194 Elephantinen
1107 2131 1144 2172 ac
1175 2110 1314 2194 Syenen,

362 2220 515 2300 „claustra
544 2220 619 2285 olim
641 2209 933 2306 Romaniirhperii,
963 2219 1051 2306 quod
1078 2241 1164 2285 nunc
1185 2220 1314 2287 rubrum

361 2312 526 2413 „ad‘mare
548 2335 707 2419 patescit.“
750 2333 816 2398 Res
843 2357 861 2398 a
885 2335 1024 2419 Trojano
1047 2344 1149 2420 gestas
1173 2333 1315 2422 designat

362 2447 477 2532 (inquit
497 2447 529 2510 d.
544 2447 682 2534 Lipsius)
701 2442 851 2512 limitibus
874 2447 995 2532 imperii
1004 2443 1144 2542 ‚rubrum
1167 2446 1207 2510 ad
1227 2470 1313 2512 mare

361 2545 523 2646 promotis.
568 2561 641 2628 Huc
662 2561 821 2646 pertinent
842 2563 949 2636 etiam,
979 2581 1060 2644 quae
1078 2555 1178 2625 habet
1200 2559 1312 2626 Suidas

362 2695 386 2736 s.
402 2695 430 2735 v.
456 2666 626 2756 Ῥωμαίων
648 2666 745 2758 ἀρχῆς
760 2709 804 2720 -
825 2668 1025 2759 ,,ὁρισαμένη
1045 2665 1174 2760 utputa
1195 2671 1312 2752 ἑαυτῆς

361 2777 444 2869 πρὸς
472 2785 532 2868 μὲν
568 2787 609 2847 ἕω
634 2777 758 2860 Ἰνδοὺς
784 2784 840 2848 καὶ
868 2777 1018 2872 ἐρυθρὰν
1046 2779 1230 2850 θάλασσαν
1255 2785 1311 2850 καὶ

360 2941 561 2956 *-

395 3047 423 3118 *)
447 3045 479 3104 ci
499 3043 626 3102 d'Anvillc
643 3043 784 3102 lllernoires
801 3065 847 3102 sur
862 3043 983 3124 l’Egypte
1001 3049 1125 3104 ancienne
1143 3058 1170 3104 et
1185 3045 1310 3106 moderno
1332 3073 1334 3080 ⁴

451 3137 535 3190 .215.

395 3155 449 3292 “l
461 3221 520 3277 lam
543 3223 567 3278 si
585 3221 643 3297 quis
661 3219 828 3298 desperatum
846 3218 915 3276 hunc
932 3217 1010 3276 Plinii
1027 3219 1113 3277 locum
1130 3223 1158 3277 in
1174 3221 1310 3278 veritatem

334 3361 339 3376 ,
427 3311 570 3366 seruauere
599 3300 691 3374 vdllel,
721 3305 859 3364 audaciore
886 3307 1035 3380 conjectura
1061 3308 1199 3382 legendum
1226 3317 1309 3366 esset:

430 3395 564 3464 „Ditionis
576 3394 690 3472 Aegypti
709 3413 768 3450 esse
784 3395 878 3470 incipit
894 3415 909 3449 a
927 3393 1024 3469 Syene,
1042 3396 1078 3452 ita
1094 3405 1202 3453 vocatur
1220 3399 1310 3474 penin-

430 3479 504 3550 „cula
522 3479 592 3538 mille
608 3495 732 3558 passuum
749 3481 855 3548 ambitu,
872 3483 900 3537 ln
918 3502 967 3558 qna
985 3491 1068 3538 castra
1080 3483 1233 3558 suntlaterc
1245 3485 1311 3543 Ara·
1362 3509 1365 3516 ’

431 3568 521 3638 „biae‚
545 3577 573 3623 el
590 3589 623 3624 ex
641 3567 750 3624 adverso
768 3567 865 3636 insula,
889 3561 927 3624 IV
939 3559 982 3624 'hl
1000 3567 1030 3626 P.
1049 3567 1159 3640 ambitu,
1181 3570 1310 3650 Elephan-

416 3658 510 3728 ·„tine
531 3688 562 3698 —
580 3651 669 3711 Philae
687 3655 769 3712 insula
786 3675 866 3732 supra
880 3658 1049 3714 novissimum
1066 3667 1212 3715 cataracten
1226 3653 1261 3716 ll.
1279 3657 1309 3742 P.

431 3751 478 3810 „et
494 3763 573 3820 snpra
591 3741 698 3818 Syenen
714 3739 752 3799 Vl
768 3739 803 3799 lll.
815 3741 844 3798 P.
862 3741 1000 3813 habitatur,
1012 3747 1186 3820 'navigationis
1202 3744 1311 3802 Aethio-

429 3830 521 3906 „pieae
537 3829 606 3886 linis.
641 3827 681 3886 lbi
697 3827 843 3908 Aegyptiae
861 3833 1019 3888 conveniunt
1035 3852 1123 3901 naves,
1140 3851 1252 3909 namquo
1263 3853 1311 3890 cm

428 3911 573 3994 „plicatiles
590 3918 660 3974 etc.“
679 3948 710 3958 -
777 3951 790 3978 .
