3002 4544
386 311 412 382 6

219 498 294 555 Pais
312 499 331 556 l.
387 488 526 572 Aegypti
553 480 682 548 urbibus
709 487 873 568 primariis,
908 479 1026 547 Thebis
1055 492 1086 546 et
1114 481 1255 567 Memphi
1282 481 1336 546 ad-

387 619 481 664 verso
509 598 636 662 flumine
665 596 848 681 disjunctam
870 596 979 674 fuisse,
1009 596 1262 681 Aethiopumque
1289 599 1336 659 in·

388 707 583 776 cursionibus
612 711 741 774 maxime
764 712 944 796 expositam.
991 707 1082 793 Quae
1106 706 1231 793 quidem
1254 706 1337 772 diffi-

388 822 486 887 cultas
508 820 600 886 facile
622 831 810 899 removetur,
834 825 859 886 si
877 823 982 908 primis
997 818 1200 906 temporibus,
1222 819 1336 906 quibus

386 933 453 998 Nili
480 932 574 998 litora
603 933 719 998 accolis
747 933 883 1020 repleta,
913 945 944 998 et
974 934 1091 1018 templa
1118 935 1222 1020 posita
1249 941 1337 1010 sunt,

386 1045 491 1114 Phttas
525 1046 712 1131 Aethiopiae
746 1045 885 1111 addictas
919 1046 1015 1111 fuisse
1052 1049 1263 1123 statuerimus,
1302 1043 1337 1109 id

387 1155 476 1243 quod
509 1166 611 1221 terrae
645 1168 755 1222 natura
790 1158 898 1244 paullo
929 1161 1102 1248 accuratius
1132 1156 1336 1236 considerata,

386 1239 553 1340 verisimile
574 1268 705 1337 videtur.

452 1383 608 1467 Agrorum
634 1382 785 1447 culturam
814 1404 876 1454 una
905 1405 974 1446 cum
996 1384 1065 1447 Diis
1089 1407 1107 1446 a
1129 1380 1259 1446 meridie
1287 1402 1336 1445 se-

386 1496 597 1579 ptentrionem
618 1517 728 1559 versus
750 1495 817 1559 Nili
845 1519 968 1560 cursum
998 1497 1087 1581 quasi
1115 1493 1227 1558 ducem
1249 1515 1338 1557 secu-

387 1615 450 1668 tam
472 1627 550 1683 esse,
572 1609 727 1669 neminem
749 1605 854 1689 fugiet,
878 1611 932 1690 qui
953 1609 1168 1690 Aegyptiacae
1190 1609 1338 1670 historiae

387 1718 517 1802 vestigia
545 1738 614 1780 cum
636 1719 844 1782 monumentis
872 1719 1099 1801 comparaverit
1113 1714 1162 1796 *),
1192 1739 1283 1802 quam
1305 1719 1338 1781 in

387 1873 586 1886 Μ

422 1961 449 2032 ’)
466 1961 573 2018 Heereu
584 1960 655 2036 Opp.
674 1961 732 2015 hist.
750 1961 822 2016 XIV.
839 1983 865 2035 p.
885 1967 943 2015 108.
957 1981 1015 2033 sqq.
1045 1961 1159 2015 Indicam
1178 1981 1236 2016 esse
1253 1961 1338 2036 Aegy·
1387 1925 1392 1934 ·

456 2050 571 2122 ptiorttm
585 2053 622 2106 ,et
643 2043 802 2118 Aethiopum
824 2047 962 2116 originem,
986 2043 1092 2097 disertis
1115 2045 1202 2100 verbis
1224 2046 1339 2100 declarat

456 2129 566 2186 darchus
583 2147 630 2182 rex
647 2128 717 2203 apud
733 2127 919 2184 Philostratum
936 2130 963 2182 in
981 2130 1034 2182 vita
1052 2127 1186 2203 Apollonii
1204 2129 1261 2198 (111,
1279 2131 1337 2200 20.)

456 2218 529 2290 cujus
551 2216 690 2271 auotoritas
714 2234 767 2270 uon
788 2213 865 2299 plane
887 2211 1027 2286 rejicienda
1050 2213 1126 2270 nobis
1150 2214 1264 2271 videtur:
1286 2214 1336 2274 Ἦν

456 2309 547 2360 τοίνυν
563 2300 665 2375 χρόνος,
684 2299 722 2356 ὅτ>
741 2305 878 2364 Αἰθίοπες
894 2310 940 2373 μὲν
958 2299 1042 2369 ᾤκουν
1060 2301 1177 2356 ἐνταῦθα
1195 2302 1337 2372 (inludia)

456 2399 529 2463 γένος
547 2387 664 2444 Ἰνδικόν·
684 2394 822 2444 Αἰθιοπία
841 2387 942 2443 ὃόόπω
960 2383 1005 2458 ἦνζ
1028 2386 1079 2442 ἀλλ’
1099 2390 1163 2462 ὑπὲρ
1182 2391 1290 2463 Μερόην
1308 2413 1338 2445 τε

456 2481 501 2534 καὶ
517 2475 713 2537 Καταδοόπους
736 2475 828 2548 ὥριστο
852 2479 1000 2544 Αἴγυπτος,
1025 2473 1092 2547 αὐτὴ
1116 2482 1159 2530 καὶ
1181 2479 1229 2540 τὰς
1254 2481 1338 2548 πηγὰς

457 2565 506 2620 τοῦ
523 2567 623 2619 Νείλου
641 2573 816 2636 παρεχομένη,
840 2566 958 2622 καὶτοῖς
976 2569 1091 2632 ἐκβολαῖς
1110 2563 1337 2636 Ευναπολὴγουσα·

459 2649 489 2706 όν
510 2658 556 2724 μὲν
579 2653 610 2722 δὴ
628 2650 723 2723 χρόνον
741 2647 825 2718 ᾤκουν
843 2648 961 2702 ἐνταῦθα
980 2656 1006 2703 οἱ
1018 2654 1155 2712 Αἰθίοπες
1172 2651 1338 2724 ᾗποκείμενοι

457 2745 556 2810 βασιλεῖ
572 2735 661 2810 Γάγγῃ
688 2768 719 2778 -
744 2767 775 2778 -
800 2753 851 2809 quo
875 2753 995 2791 sermone
1014 2737 1148 2793 obscurius
1165 2725 1338 2809 significatum

458 2833 501 2880 est
515 2822 629 2897 Aegypti
645 2819 770 2876 culturam
788 2843 802 2875 a
820 2820 928 2876 meridie
945 2826 1151 2895 septentrionem
1168 2843 1260 2880 versus
1277 2843 1338 2900 pro·

457 2927 575 2983 gressum
600 2905 687 2962 tuisse.
734 2906 766 2962 Si
792 2910 862 2963 enim
887 2906 975 2963 Indica
1003 2918 1080 2983 gente
1105 2909 1208 2965 oriundi
1234 2909 1339 2966 hrenmt

458 2993 616 3070 Aethiopes,
638 3003 745 3070 praeter
766 2993 820 3050 Nili
843 3015 946 3052 cursum
967 2995 1036 3051 nulla
1059 2995 1107 3050 alia
1128 2999 1170 3052 via
1190 2998 1338 3074 Aegyptum

459 3081 559 3136 colonis
577 3080 687 3158 implere
704 3091 852 3158 potuerunt.
879 3118 909 3128 -
940 3081 997 3138 Alia
1014 3081 1131 3138 coloniae
1149 3083 1250 3139 indicae
1266 3104 1338 3138 men·

456 3170 495 3223 tio
524 3168 593 3246 apud
622 3167 763 3244 Georgium
787 3170 937 3246 Syncelltun
964 3169 1024 3240 (ed.
1045 3167 1139 3224 Venet,
1167 3172 1225 3226 120.
1272 3168 1346 3225 Diu-1

456 3255 535 3312 doriii
552 3253 574 3323 I,
590 3257 669 3327 286.)
692 3259 779 3333 spuria
797 3259 873 3314 uobis
895 3256 1010 3322 videtur,
1033 3276 1092 3312 cum
1114 3275 1157 3311 res
1180 3254 1338 3332 Aethiopum

458 3351 514 3398 toto
532 3341 599 3400 libro
618 3365 671 3400 non
690 3342 798 3420 amplius
816 3353 1059 3400 commemorentur.
1095 3341 1157 3398 Duo
1176 3361 1278 3398 versus:

471 3490 473 3498 Ι
493 3436 553 3502 περὶ
569 3433 712 3488 Αἰθιόπων
731 3431 816 3488 πόθεν
834 3429 899 3502 ἦσαν
918 3438 962 3486 καὶ
979 3433 1031 3486 ποῦ
1050 3429 1164 3501 ᾤκησαν.

494 3520 629 3578 Αἰθίοπες
654 3518 706 3574 ἀπό
723 3516 805 3573 Ἰνδοῦ
829 3519 951 3588 ποταμοῖν
976 3515 1133 3577 ἀναστάντες
1152 3520 1216 3590 πρὸς
1234 3518 1267 3590 τῇ
1285 3521 1338 3574 Αί-

1051 3603 1139 3673 γόπτῳ
1158 3603 1267 3675 ᾤκησαν.

458 3692 526 3746 inter
548 3687 773 3764 quadragesimum
797 3699 824 3744 et
846 3687 1068 3762 quadragesimum
1089 3691 1201 3765 primum
1225 3689 1338 3768 Aegypti

459 3795 548 3850 regern
565 3777 748 3851 intempestive
764 3777 906 3848 interiecti,
925 3793 972 3850 pro
992 3777 1084 3849 capitis
1102 3778 1189 3832 amissi
1207 3779 1280 3834 initio
1299 3797 1337 3832 ar·

459 3871 614 3938 gumentove
632 3864 740 3936 margini
758 3861 890 3937 adscripto
909 3859 1040 3915 habemus.
1064 3901 1069 3910 .
